@Book(Ackermann54,
 	Key="Ackermann",
 	Author="W. Ackermann",
 	Title="Solvable Cases of the Decision Problem",
 	Publisher="North-Holland Publishing Co.",
 	Year="1954",
  	Address="Amsterdam",
  	Note="510.1 A18s")

@Article(Ackermann35,
	Key="AckermannZumEliminationsproblemdermathematischenLogik",
	Author="Wilhelm Ackermann",
	Title="Zum Eliminationsproblem der mathematischen Logik",
	Journal="Math Annalen",
	Year="1935",
	Volume="111",
	Pages="61-63")

@Article(Ackermann34,
	Key="AckermannUntersuchungenueberdasEliminationsproblemdermathematischenLogik",
	Author="Wilhelm Ackermann",
	Title="Untersuchungen ueber das Eliminationsproblem der 
			mathematischen Logik",
	Journal="Math Annalen",
	Year="1934",
	Volume="110",
	Pages="390-413")

@InSeries(Allen88,
	Key="Allen88",
	Author="P. E. Allen, S. Bose, E. M. Clarke, and S. Michaylov",
	Title="Parthenon: A Parallel Theorem Prover for Non-Horn Clauses",
	Booktitle="9th International Conference on Automated Deduction",
	Editors="Ewing Lusk and Ross Overbeek, Argonne, Illinois",
	Series="Lecture Notes in Computer Science 310",
	Publisher="Springer-Verlag",
	Year="1988",
	Pages="764-765")

@Book(AndersonBelnap75,
	Author="Anderson, Alan Ross and Belnap, Nuel D. Jr.",
	Key="Anderson",
	Title="Entailment: The Logic of Relevance and Necessity",
	Publisher="Princeton University Press",
	Year="1975")

@Misc(AndrewsG,
	Key="Andrews0G",
	Author="George Andrews",
	Title="Personal communication")

@manual(AndrewsTPS88a,
	Key="NesmithTPS88a",
	Title="TPS User's Manual",
	Author="Dan Nesmith, Matthew Bishop, Peter B. Andrews,
		Sunil Issar, Frank Pfenning, Hongwei Xi",
	Year="1996",
	Note="72+ii pp"
	)

@manual(AndrewsTPS88b,
	Key="PfenningTPS88b",
	Title="ETPS User's Manual",
	Author="Frank Pfenning, Sunil Issar, Dan Nesmith, Peter B. Andrews,
		Hongwei Xi, Matthew Bishop",
	Year="1996",
	Note="58+ii pp"
	)

@manual(AndrewsTPS88c,
	Key="IssarTPS88c",
	Title="GRADER Manual",
	Author="Sunil Issar, Peter B. Andrews, Frank Pfenning, Dan Nesmith",
	Year="1995",
	Note="24+i pp"
	)


@manual(AndrewsTPS88d,
	Key="AndrewsTPS88d",
	Title="TPS3 Facilities Guide for Programmers and Users",
	Author="Peter B. Andrews, Sunil Issar, Dan Nesmith, Frank Pfenning,
		Hongwei Xi, Matthew Bishop",
	Year="1997",
	Note="207+viii pp"
	)

@manual(AndrewsTPS88e,
	Key="AndrewsTPS88e",
	Title="TPS3 Facilities Guide for Users",
	Author="Peter B. Andrews, Sunil Issar, Dan Nesmith, Frank Pfenning,
		Hongwei Xi, Matthew Bishop",
	Year="1997",
	Note="131+v pp"
	)

@manual(AndrewsTPS88f,
	Key="BishopTPS88f",
	Title="TPS3 Programmer's Guide",
	Author="Matthew Bishop, Dan Nesmith, Frank Pfenning, Sunil Issar,
		Peter B. Andrews, Hongwei Xi",
	Year="1995",
	Note="114+iv pp"
	)

@Article(Andrews2004b,
	Key="Andrews2004b",
 Author="Peter B. Andrews and Chad E. Brown and Frank Pfenning 
         and Matthew Bishop and Sunil Issar and Hongwei Xi",
 Title="ETPS: A System to Help Students Write Formal Proofs",
 Journal=jar,
 Year=2004,
 Volume=32,
 Pages="75-92")


@Book(Andrews2002a,
	Key="Andrews2002a",
 Author="Peter B. Andrews",
 Title="An Introduction to Mathematical Logic and Type Theory:
 To Truth Through Proof",
 Edition="second",
 Publisher="Kluwer Academic Publishers",
 Year=2002)

@InBook(Andrews00c,
	Key="Andrews2000c",
	Author="Peter B. Andrews",
	Title="Classical Type Theory",
	Editor="Alan Robinson and Andrei Voronkov",
	BookTitle="Handbook of Automated Reasoning",
	Publisher="Elsevier Science",
        Chapter="15",
        Volume="2",
        Pages="965-1007",
	Year="2001")

@InSeries(Andrews00a,
	Key="Andrews2000a",
 Author="Peter B. Andrews and Matthew Bishop and Chad E. Brown",
 Title="System Description: TPS: A Theorem Proving System for Type Theory",
 booktitle="Automated Deduction - CADE-17",
 publisher = "Springer",
 Series="Lecture Notes in Artificial Intelligence 1831",
 editor="David Mcallester",
 address="Pittsburgh, PA, USA",
 year=2000,
 Pages="164-169")

@InBook(Andrews99,
	Key="Andrews99",
	Author="Peter B. Andrews",
	Title="Classical Type Theory",
	Editors="Alan Robinson and Andrei Voronkov",
	BookTitle="Handbook of Automated Reasoning",
	Publisher="Elsevier Science",
	Year="2000",
	Note="(to appear)")

@InSeries(Andrews98,
   key="Andrews98",
  author = 	 "Matthew Bishop and Peter B. Andrews",
  title = 	 "Selectively Instantiating Definitions",
   booktitle = "Automated Deduction - CADE-15; 15th International Conference on Automated Deduction",
   publisher = "Springer",
	Series="Lecture Notes in Artificial Intelligence 1421",
   editor = "Claude and Helene Kirchner",
   year = "1998",
Pages="365-380")

@inproceedings(Andrews97,
	Key="Andrews97",
	Author="Peter B. Andrews and Matthew Bishop",
	Title="TPS: A Tool for Proving Theorems",
	Booktitle="Supplementary Proceeding of the 10th International Conference on Theorem
              Proving in Higher Order Logics: TPHOLs'97",
	Editor="Elsa L. Gunter and Amy Felty",
	Year="1997",
	Pages="11-15"
	)

@InSeries(Andrews96,
	Key="Andrews96",
	Author="Peter B. Andrews and Matthew Bishop",
        Title= "On Sets, Types, Fixed Points, and Checkerboards",
        Booktitle="Theorem Proving with Analytic Tableaux and Related
                Methods. 5th International Workshop, TABLEAUX '96,
                Terrasini, Italy, May 15-17, 1996",
        Editor="Pierangelo Miglioli, Ugo Moscato, Daniele Mundici, Mario Ornaghi",
        Series="Lecture Notes in Artificial Intelligence 1071",
        Publisher="Springer",
        Year="1996",
        Pages="1-15")

@Article(Andrews95b,
	Key="Andrews95b",
	Author="Peter B. Andrews, Matthew Bishop, Sunil Issar, 
		Dan Nesmith, Frank Pfenning, Hongwei Xi",
	Title="TPS: A Theorem Proving System for Classical Type Theory",
	Journal="Journal of Automated Reasoning",
	Volume="16",
	Year="1996",
        Pages="321-353")

@inproceedings(Andrews95a,
	Key="Andrews95a",
	Author="Peter B. Andrews",
	Title="An Example of Proof Search in TPS: 
		A Theorem Proving System for Classical Type Theory",
	Booktitle="4th Workshop on Theorem Proving with Analytic Tableaux
		and Related Methods, Poster Sessions and Short Papers",
	Editor="P. Baumgartner, R. Hahnle, J. Posegga",
	Year="1995",
	Pages="1-6"
	)

@Techreport(Andrews94e,
	Key="Andrews94e",
	Author="Peter B. Andrews, Matthew Bishop, Sunil Issar, 
		Dan Nesmith, Frank Pfenning, Hongwei Xi",
	Title="TPS: A Theorem Proving System for Classical Type Theory",
	Institution="Department of Mathematics, Carnegie Mellon University",
	Number="94-166A",
	Year="1995")

@inproceedings(Andrews94d,
	Key="Andrews94d",
	Author="Peter B. Andrews",
	Title="Induction in TPS: 
		A Theorem Proving System for Classical Type Theory",
	Booktitle="CADE-12 Workshop on The
		Automation of Proof by Mathematical Induction",
	Editor="Alan Bundy, Michael Rusinowitch and Toby Walsh",
	Year="1994",
	Pages="2-3",
	Note="(abstract)"
	)

@inproceedings(Andrews94c,
	Key="Andrews94c",
	Author="Peter B. Andrews",
	Title="Proof Search in TPS: 
		A Theorem Proving System for Classical Type Theory",
	Booktitle="CADE-12 Workshop on
		Proof-search in type-theoretic languages",
	Editor="Didier Galmiche and Lincoln Wallen",
	Year="1994",
	Pages="3-8",
	Note="(abstract)"
	)

@Techreport(Andrews94b,
	Key="Andrews94",
	Author="Peter B. Andrews, Matthew Bishop, Sunil Issar, 
		Dan Nesmith, Frank Pfenning, Hongwei Xi",
	Title="TPS: A Theorem Proving System for Classical Type Theory",
	Institution="Department of Mathematics, Carnegie Mellon University",
	Number="94-166",
	Year="1994")


@InSeries(Andrews94a,
	Key="Andrews94a",
	Author="Peter B. Andrews, Matthew Bishop, Sunil Issar, 
             Dan Nesmith, Frank Pfenning, Hongwei Xi",
	Title ="TPS: An Interactive and Automatic Tool
             for Proving Theorems of Type Theory",
	Booktitle="Higher Order Logic Theorem Proving and Its Applications:
		6th International Workshop, HUG '93, 
		Vancouver, B.C., Canada, August 11-13, 1993. Proceedings",
	Series="Lecture Notes in Computer Science 780",
	Publisher="Springer-Verlag",
	Year="1994",
	Pages="366-370")

@Inproceedings(Andrews93,
	Key="Andrews93",
	Author="Peter B. Andrews, Matthew Bishop, Sunil Issar, 
             Dan Nesmith, Frank Pfenning, Hongwei Xi",
	Title ="TPS: An Interactive and Automatic Tool
             for Proving Theorems of Type Theory",
	Booktitle="Proceedings of HUG '93, Hol User's Group Workshop",
        Address="Vancouver, B.C.",
	Year="August 10-13, 1993",
	Pages="367-372")

@Misc(Andrews92,
	Key="Andrews92",
	Author="Peter B. Andrews, Matthew Bishop, Sunil Issar, 
		Dan Nesmith, Frank Pfenning, Hongwei Xi",
	Title="TPS: A Theorem Proving System for Classical Type Theory",
	Date="1993",
	Note="1993, unpublished.")

@Article(Andrews91b,
	Key="Andrews91b",
	Author="Peter B. Andrews, Sunil Issar, Dan Nesmith, and
	Frank Pfenning",
	Title="The TPS Theorem Proving System",
	Journal="Journal of Symbolic Logic",
	Year="1992",
	Pages="353-354",
	Volume="57",
	Note="(abstract)"
	)

@Article(Andrews91a,
	Title="More on the Problem of Finding a Mapping
		between Clause Representation and
		Natural-Deduction Representation",
	Author= "Peter B. Andrews",
	Key="Andrews91a",
	Journal="Journal of Automated Reasoning",
	Year="1991",
	Pages="285-286",
	Volume="7")

@InSeries(Andrews90,
	Key="Andrews90",
	Author="Peter B. Andrews, Sunil Issar, Dan Nesmith,
	Frank Pfenning",
	Title="The TPS Theorem Proving System",
	Booktitle="10th International Conference on Automated Deduction",
	Editor="M. E. Stickel, Kaiserslautern, FRG",
	Series="Lecture Notes in Artificial Intelligence 449",
	Publisher="Springer-Verlag",
	Year="1990",
	Pages="641-642")

@Article(Andrews89,
	Key="Andrews89",
	Author= "Peter B. Andrews",
	Title="On Connections and Higher-Order Logic",
	Journal="Journal of Automated Reasoning",
	Year="1989",
	Pages="257-291",
	Volume="5")

@InSeries(Andrews88,
	Key="Andrews88",
	Author="Peter B. Andrews, Sunil Issar, Daniel Nesmith,
	Frank Pfenning",
	Title="The TPS Theorem Proving System",
	Booktitle="9th International Conference on Automated Deduction",
	Editors="Ewing Lusk and Ross Overbeek, Argonne, Illinois",
	Series="Lecture Notes in Computer Science 310",
	Publisher="Springer-Verlag",
	Year="1988",
	Pages="760-761")

@Book(Andrews87b,
	Author="Peter B. Andrews",
	Key="Andrews87b",
	Title="An Introduction to Mathematical Logic and Type Theory:
	To Truth Through Proof",
	Publisher="Japanese translation by Shinako Ogawara, Maruzen Co.",
	Year="1987")

@InSeries(Andrews87,
	Key="Andrews87",
	Author="Peter B. Andrews",
	Title="Typed @g(l)-calculus and Automated Mathematics",
	Booktitle="Mathematical Logic and Theoretical Computer 
	Science",
	Editor="David W. Kueker, Edgar G. K. Lopez-Escobar
	 and Carl H. Smith",
	Series="Lecture Notes in Pure and Applied Mathematics, vol. 106",
	Publisher="Marcel Dekker",
	Year="1987",
	Pages="1-14")

@Book(Andrews86,
	Author="Peter B. Andrews",
	Key="Andrews86",
	Title="An Introduction to Mathematical Logic and Type Theory:
	To Truth Through Proof",
	Publisher="Academic Press",
	Year="1986")

@InSeries(Andrews86c,
	Key="Andrews86c",
	Author="Peter B. Andrews",
	Title="Connections and Higher-Order Logic",
	Booktitle="8th International Conference on Automated Deduction",
	Series="Lecture Notes in Computer Science 230",
	Publisher="Springer-Verlag",
	Editors="Jorg H. Siekmann, Oxford, England",
	Publisher="Springer-Verlag",
	Year="1986",
	Note="abstract",
	Pages="1-4")

@InSeries(Andrews86d,
	Key="Andrews86d",
	Author="Peter B. Andrews, Frank Pfenning, Sunil Issar,
	C. P. Klapper",
	Title="The TPS Theorem Proving System",
	Booktitle="8th International Conference on Automated Deduction",
	Editors="Jorg H. Siekmann, Oxford, England",
	Series="Lecture Notes in Computer Science 230",
	Publisher="Springer-Verlag",
	Year="1986",
	Pages="663-664")

@InSeries{Andrews84,
	Key="Andrews84",
	Author="Peter B. Andrews, Dale A. Miller, Eve Longini Cohen, Frank Pfenning",
	Title="Automating Higher-Order Logic",
	BookTitle="Automated Theorem Proving: After 25 Years",
	Publisher="American Mathematical Society",
	Editor="W. W. Bledsoe and D. W. Loveland",
	Series="Contemporary Mathematics series, vol. 29",
	Year=" 1984",
	Pages="169-192"}

@InProceedings{Andrews84x,
	Author="Peter B. Andrews, Dale A. Miller, Eve Longini Cohen, and Frank Pfenning",
	Title="Automating Higher-Order Logic",
	BookTitle="Automated Theorem Proving: After 25 Years",
	Publisher="American Mathematical Society",
	Editor="W. W. Bledsoe and D. W. Loveland",
	Series="Contemporary Mathematics series, vol. 29",
	Year=" 1984",
	Pages="169-192"}

@InSeries{Andrews82,
	Key="Andrews82",
	Author="Dale A. Miller, Eve Longini Cohen, Peter B. Andrews",
	Title="A Look at TPS",
	Editors="Donald W. Loveland, New York, USA",
	Series="Lecture Notes in Computer Science 138",
	Publisher="Springer-Verlag",
	Booktitle="6th Conference on Automated Deduction",
	Year="1982",
	Pages="50-69"}

@Article(Andrews81,
	Title="Theorem Proving via General Matings",
	Author= "Peter B. Andrews",
	Key="Andrews81",
	Journal="Journal of the ACM",
	Year="1981",
	Pages="193-214",
	Volume="28")

@InSeries( Andrews80,
	Title="Transforming Matings into Natural Deduction Proofs",
	Author= "Peter B. Andrews",
	Key="Andrews80",
	Editors="W. Bibel and R. Kowalski, Les Arcs, France",
	Series="Lecture Notes in Computer Science 87",
	Publisher="Springer-Verlag",
	BookTitle="5th Conference on Automated Deduction",
	Year="1980",
	Pages="281-292")

@Article(Andrews79a,
	Key="Andrews79a",
	Author="Peter B. Andrews and Eve Longini Cohen",
	Title="An approach to theorem proving in type theory",
	Journal="Journal of Symbolic Logic",
	Year="1979",
	Pages="477-478",
	Volume="44",
	Note="(abstract)"
	)

@InProceedings(Andrews79,
	Key="Andrews79",
	Author="Peter B. Andrews",
	Title="General Matings",
	BookTitle="Proceedings of the Fourth Workshop on Automated Deduction",
	Publisher="Austin, Texas",
	Year="1979",
	Pages="19-25")

@Inproceedings(Andrews77,
	Key="Andrews77",
	Author="Peter B. Andrews and Eve Longini Cohen",
	Title="Theorem Proving in Type Theory",
	Booktitle="5th International Joint Conference on Artificial 
Intelligence-77",
	Organization="IJCAI",
	Year="l977",
	Pages="566")

@Inproceedings(Andrews77b,
	Key="Andrews77b",
	Author="Peter B. Andrews and Eve Longini Cohen",
	Title="Theorem Proving in Type Theory",
	Booktitle="Workshop on Automatic Deduction",
	Organization="MIT",
	Year="l977",
	Note="5 pp")

@Article(Andrews76,
	Key="Andrews76",
	Author="Peter B. Andrews",
	Title="Refutations by Matings",
	Journal="IEEE Transactions on Computers",
	Volume="C-25",
	Year="1976",
	Pages="801-807")


@Article(Andrews74a,
	Key="Andrews74a",
	Author="Peter B. Andrews",
	Title="Resolution and the Consistency of Analysis",
	Journal="Notre Dame Journal of Formal Logic",
	Year="1974",
	Volume="15",
	Number="1",
	Month="January",
	Pages="73-84")

@Article(Andrews74b,
	Key="Andrews74b",
	Author="Peter B. Andrews",
	Title="Provability in Elementary Type Theory",
	Journal="Zeitschrift fur Mathematische Logic und Grundlagen der Mathematik",
	Year="1974",
	Volume="20",
	Pages="411-418")

@Article(Andrews72a,
	Key="Andrews72a",
	Author="Peter B. Andrews",
	Title="General Models, Descriptions, and Choice in Type Theory",
	Journal="Journal of Symbolic Logic",
	Volume="37",
	Year="1972",
	Pages="385-394")

@Article(Andrews72b,
	Key="Andrews72b",
	Author="Peter B. Andrews",
	Title="General Models and Extensionality",
	Journal="Journal of Symbolic Logic",
	Volume="37",
	Year="1972",
	Pages="395-397")

@Article(Andrews71,
	Title="Resolution in Type Theory",
	Author= "Peter B. Andrews",
	Key="Andrews71",
	Journal="Journal of Symbolic Logic",
	Year="1971",
	Pages="414-432",
	Volume="36")

@Article(Andrews71*,
	Title="Resolution in Type Theory",
	Author= "Peter B. Andrews",
	Key="Andrews71",
	Journal="Journal of Symbolic Logic",
	Year="1971",
	Pages="414-432",
	Note="Reprinted in [SW].",
	Volume="36")

@Article(Andrews68a,
	Key="Andrews68a",
	Author="Peter B. Andrews",
	Title="On Simplifying the Matrix of a Wff",
	Journal="Journal of Symbolic Logic",
	Volume="33",
	Year="1968",
	Pages="180-192")

@Article(Andrews68a*,
	Key="Andrews68a",
	Author="Peter B. Andrews",
	Title="On Simplifying the Matrix of a Wff",
	Journal="Journal of Symbolic Logic",
	Volume="33",
	Year="1968",
	Note="Reprinted in [SW].",
	Pages="180-192")

@Article(Andrews68b,
	Key="Andrews68b",
	Author="Peter B. Andrews",
	Title="Resolution with Merging",
	Journal=" Journal of the ACM",
	Volume=" 15",
	Year="1968",
	Pages="367-381")

@Article(Andrews68b*,
	Key="Andrews68b",
	Author="Peter B. Andrews",
	Title="Resolution with Merging",
	Journal=" Journal of the ACM",
	Volume=" 15",
	Year="1968",
	Note="Reprinted in [SW].",
	Pages="367-381")

@Misc(Andrews65,
	Key="Andrews65",
	Author="Peter B. Andrews",
	Title="A Transfinite Type Theory with Type Variables",
	Note="North-Holland Studies in Logic and the Foundations of Mathematics,
	North-Holland Publishing Company, 1965, xv + 143 pp.")

@article(Andrews63,
	Key="Andrews63",
	Author="Peter B. Andrews",
	Title="A Reduction of the Axioms for the Theory of Propositional Types",
	Journal="Fundamenta Mathematicae",
	Volume="52",
	Year="1963",
	Pages="345-350")

@Article(Andrews63b,
	Key="Andrews63b",
	Author="Burton Dreben, Peter Andrews, and Stal Aanderaa",
	Title="False Lemmas in Herbrand",
	Journal="Bulletin of the American Mathematical Society",
	Volume="69",
	Year="1963",
	Pages="699-706")

@misc(Andrews62,
	Key="Andrews62",
	Author="Peter B. Andrews",
	Title="A Survey of Artificial Learning and Intelligence",
	Note="IBM Research Report RC-612, International Business Machines 
	Research Center, Yorktown Heights, New York, 1962")

@InSeries(Anonymous-qed94,
	Key="Anonymous-qed94",
	Author="Anonymous",
	Title= "The QED Manifesto",
	Booktitle="Automated Deduction - CADE-12.
		12th International Conference on Automated Deduction",
	Editor="Alan Bundy. Nancy, France",
	Series="Lecture Notes in Artificial Intelligence 814",
	Publisher="Springer-Verlag",
	Year="1994",
	Pages="238-251")

@Article(Bailin93,
	Key="Bailin93",
	Author= "Sidney C. Bailin and Dave Barker-Plummer",
	Title="Z-match: An Inference Rule for Incrementally Elaborating Set Instantiations",
	Journal="Journal of Automated Reasoning",
	Year="1993",
	Pages="391-428",
	Volume="11",
	Note="Errata: JAR 12 (1994), 411-412.")


@inproceedings(Bancerek95,
	Key="Bancerek95",
	Author="Grzegorz Bancerek",
	Title="The Mutilated Chessboard Problem - checked by Mizar",
	Booktitle="The QED Workshop II",
	Editor="Roman Matuszewski",
	Year="1995",
	Pages="43-45",
	Note="Available from http://www.mcs.anl.gov/qed/index.html"
	)

@book(Barendregt84,
	Key="Barendregt84",
	Author="H. P. Barendregt",
	Title="The @g(l)-Calculus",
	Publisher="Studies in logic and the foundations of mathematics, 
		North-Holland",
	Year="1984")

@Article(Barker-Plummer92,
	Key="Barker-Plummer92",
	Author= "Dave Barker-Plummer",
	Title="Gazing: An Approach to the Problem of Definition and Lemma Use",
	Journal="Journal of Automated Reasoning",
	Year="1992",
	Pages="311-344",
	Volume="8")

@PhdThesis(Baxter77,
	key="Baxter77",
	Author="Lewis D. Baxter",
	Title="The Complexity of Unification",
	School="Dept. of Math. Univ. of  Waterloo",
	Note="CS-77-25",
	Year="1977")

@InSeries(Beckert94,
	Key="Beckert94",
	Author="Bernhard Beckert",
	Title= "A Completion-Based Method for Mixed Universal and Rigid
		E-Unification",
	Booktitle="Automated Deduction - CADE-12.
		12th International Conference on Automated Deduction",
	Editor="Alan Bundy. Nancy, France",
	Series="Lecture Notes in Artificial Intelligence 814",
	Publisher="Springer-Verlag",
	Year="1994",
	Pages="678-692")

@Article(Behmann22,
	Key="Behmann22",
	Author="Heinrich Behmann",
	Title="Beitrage zur Algebra der Logik, insbesondere zum
		Entscheidungsproblem",
	Journal="Mathematishe Annalen",
	Year="1922",
	Volume="86",
	Pages="163-229")

@incollection{Bentham83,
author={van Benthem, J.F.A.K. and Doets, K.},
year=1983,
title={Higher-order logic},
editor={Gabbay, D.M. and  Guenthner, F.},
booktitle={Handbook of Philosophical Logic},
volume={I},
publisher={Reidel},
address={Dordrecht},
pages={275-329}
}

@InProceedings(Benzmuller98c,
 author = {Christoph Benzmuller and Michael Kohlhase},
 title = "System Description: LEO --- A Higher-Order Theorem Prover",
 booktitle = "Automated Deduction --- CADE-15; 15th International Conference on Automated Deduction",
 publisher = "Springer",
 Series="Lecture Notes in Artificial Intelligence 1421",
 editor = "Claude Kirchner and Helene Kirchner",
 address="Lindau, Germany",
 year = "1998",
 Pages="139-143")

@TechReport{Benzmuller98b,
        key="Benzmuller98b",
	Author="Christoph Benzmuller and Volker Sorge",
        Title="Integrating TPS with @g(W)mega",
	Institution="Universitat des Saarlandes",
	Year="1998"}

@InSeries[Benzmuller97,
key="Benzmuller97",
  author = 	 "C. Benzmuller, L. Cheikhrouhou, D. Fehrer, A. Fiedler,
                  X. Huang, M. Kerber, M. Kohlhase, K. Konrad, E. Melis, A.
                  Meier, W. Schaarschmidt, J. Siekmann, V. Sorge",
  title = 	 "@g(W)mega: Towards a Mathematical Assistant",
   booktitle = "Automated Deduction - CADE-14; 14th International Conference on Automated Deduction",
   publisher = "Springer",
	Series="Lecture Notes in Artificial Intelligence 1249",
   editor = "William McCune",
   year = "1997",
Pages="252-255"]

@TechReport{Benzmuller97a,
        key="Benzmuller97a",
	Author="Christoph Benzmuller",
        Title="A Calculus and a System Architecture for Extensional Higher-Order Resolution",
	Institution="Department of Mathematical Sciences, Carnegie Mellon
		  University",
	Number="97-198",
	Year="June 1997"}

@comment[bibel - see Letz]

@InSeries(Bibel95,
	Key="Bibel95",
	Author="W. Bibel, S. Bruning, U. Egly, D. Korn, and T. Rath",
	Title= "Issues in Theorem Proving Based on the 
		Connection Method",
	Booktitle="Theorem Proving with Analytic Tableaux and Related
		Methods. 4th International Workshop, TABLEAUX '95,
		Schloss Rheinfels, St. Goar, Germany,May 7-10, 1995",
	Editor="Peter Baumgartner, Reiner Hahnle, Joachim Posegga",
	Series="Lecture Notes in Artificial Intelligence 918",
	Publisher="Springer",
	Year="1995",
	Pages="1-16")

@InSeries(Bibel94,
	Key="Bibel94",
	Author="W. Bibel, S. Bruning, U. Egly, and T. Rath",
	Title= "KOMET",
	Booktitle="Automated Deduction - CADE-12.
		12th International Conference on Automated Deduction",
	Editor="Alan Bundy. Nancy, France",
	Series="Lecture Notes in Artificial Intelligence 814",
	Publisher="Springer-Verlag",
	Year="1994",
	Pages="783-787")

@book(Bibel93,
	Key="Bibel93",
	Author="Wolfgang Bibel",
	Title="Deduction: Automated Logic",
	Publisher="Academic Press",
	Year="1993")

@inproceedings(Bibel87a,
	author = "W. Bibel and R. Letz and J. Schumann",
	title = "Bottom--up Enhancements of Deductive Systems",
	booktitle = "Proceedings of 4th International Conference on Artificial 
           Intelligence and Information--Control Systems of Robots",
	editor = "I. Plander",
	address = "Smolenice, CSSR", 
	month = "October",
	pages = "1-10",
	year = "1987",
	publisher = "North-Holland")

@Book(Bibel87,
	Author="Wolfgang Bibel",
	Key="Bibel87",
	Title="Automated Theorem Proving",
	Publisher="Vieweg, Braunschweig",
	Edition="second edition",
	Year="1987")

@Article(Bibel84,
	Key="Bibel84",
	Author="Wolfgang Bibel and Bruno Buchberger",
	Title="Towards a Connection Machine for Logical Inference",
	Journal="Future Generations Computer Systems",
	Year="1984-1985",
	Volume="1",
	Pages="177-185")

@Article(Bibel83,
	Key="Bibel83",
	Author="Wolfgang Bibel",
	Title="Matings in Matrices",
	Journal="Communications of the ACM",
	Year="1983",
	Volume="26",
	Pages="844-852")

@Article(Bibel82a,
	Key="Bibel82a",
	Author="Wolfgang Bibel",
	Title="A Comparative Study of Several Proof Procedures",
	Journal="Artificial Intelligence",
	Year="1982",
	Volume="18",
	Pages="269-293")

@Book(Bibel82,
	Author="Wolfgang Bibel",
	Key="Bibel82",
	Title="Automated Theorem Proving",
	Publisher="Vieweg, Braunschweig",
	Year="1982")

@Article(Bibel81,
	Key="Bibel81",
	Author="Wolfgang Bibel",
	Title="On Matrices with Connections",
	Journal="Journal of the ACM",
	Year="1981",
	Month="October",
	Volume="28",
	Number="4",
	Pages="633-645")

@InSeries(Bibel80,
	Key="Bibel80",
	Author="Wolfgang Bibel",
	Title="A Theoretical Basis for the Systematic Proof Method",
	Booktitle ="Mathematical Foundations of Computer Science 1980, 
		Proceedings of the 9th Symposium, held in Rydzyna, Poland", 
	Editor="P. Dembinski",
	Series="Lecture Notes in Computer Science 88",
	Publisher="Springer-Verlag",
	Year = "1980",
	Pages="154-167")

@Article(Bibel79,
	Key="Bibel79",
	Author="Wolfgang Bibel",
	Title="Tautology Testing with a Generalized Matrix Reduction Method",
	Journal="Theoretical Computer Science",
	Year="1979",
	Volume="8",
	Pages="31-44")

@InProceedings(Bibel75,
	Key="Bibel75",
	Author="Wolfgang Bibel and J. Schreiber",
	Title="Proof search in a Gentzen-like system of first-order logic",
	Booktitle ="International Computing Symposium 1975",
	Editor="E. Gelenbe and D. Potier",
	Publisher="North-Holland, Amsterdam",
	Year = "1975",
	Pages="205-212")

@InSeries(Bishop98,
   key="Bishop98",
  author = 	 "Matthew Bishop and Peter B. Andrews",
  title = 	 "Selectively Instantiating Definitions",
   booktitle = "Automated Deduction - CADE-15; 15th International Conference on Automated Deduction",
   publisher = "Springer",
	Series="Lecture Notes in Artificial Intelligence 1421",
   editor = "Claude and Helene Kirchner",
   year = "1998",
Pages="365-380")

@InSeries(Bishop99,
 Author="Matthew Bishop",
 Title="A Breadth-First Strategy for Mating Search",
   booktitle = "Automated Deduction - CADE-16; 16th International Conference on Automated Deduction",
   publisher = "Springer",
	Series="Lecture Notes in Artificial Intelligence 1632",
   editor = "Harald Ganzinger",
   year = "1999",
Pages="359-373")

@phdthesis(Bishop99a,
 Author="Matthew Bishop",
 Title="Mating Search Without Path Enumeration",
 School="Department of Mathematical Sciences, Carnegie Mellon University",
 Year=1999,
 Month=apr,
 Note="Department of Mathematical Sciences Research Report No.\ 99-223.
   Available at http://www.cs.cmu.edu/afs/cs.cmu.edu/user/andrews/www/tps-papers.html")

@Book(Blasius89,
              Key="Blasius89",
              Author="K. H. Blasius and H. J. Burckert, editors",
              Title="Deduction Systems in Artificial Intelligence",
              Publisher="Ellis Horwood Series in AI",
              Year="1989")

@InSeries(Blasius88,
       Key="Blasius88",
       Author="K. H. Blasius and J. Siekmann",
       Title="Partial Unification for Graph Based Equational Reasoning",
	Booktitle="9th International Conference on Automated Deduction",
	Editors="Ewing Lusk and Ross Overbeek, Argonne, Illinois",
	Series="Lecture Notes in Computer Science 310",
	Publisher="Springer-Verlag",
	Year="1988",
        Pages="397-414")

@InProceedings(Blasius81,
             Key="Blasius81",
             Author="K. Blasius., N. Eisinger., J. Siekmann., G. Smolka,
                       A. Herold., C. Walther",
             Title="The Markgraph Karl Refutation Procedure",
             Booktitle="Proceedings of IJCAI-81",
             Publisher="Vancouver, B.C., Canada",
             Year="1981",
             Pages="511-518")

@Article(Bledsoe93,
	Key="Bledsoe93",
	Author="W. W. Bledsoe and Gohui Feng",
	Title="Set-Var", 
	Journal="Journal of Automated Reasoning",
	Year="1993",
        Volume="11",
        Pages="293-314")

@InProceedings(Bledsoe83,
	Key="Bledsoe83",
	Author="W. W. Bledsoe",
	Title="Using Examples to Generate Instantiations of Set Variables",
	Booktitle ="Proceedings of IJCAI-83, Karlsruhe, Germany",
	Year = "Aug 8-12, 1983",
	Pages="892-901",
	Annote="ATP-67, University of Texas at Austin, July 1982, 44 pp;
		CMU 501.535 I611p")

@InBook(Bledsoe79,
	Key="Bledsoe79",
	Author="W. W. Bledsoe",
	Title="A Maximal Method for Set Variables in Automatic Theorem Proving",
	Editors="J. E. Hayes, Donald Michie, L. I. Mikulich",
	BookTitle="Machine Intelligence 9",
	Publisher="Ellis Harwood Ltd., Chichester, and John Wiley & Sons",
	Year="1979",
	Annote="CMU 501.535 M14",
	Pages="53-100")

@inproceedings(Bledsoe77
	,key="Bledsoe77"
	,author="W. W. Bledsoe"
	,title="Set Variables"
	,organization="IJCAI"
	,booktitle="Proceedings of the Fifth International Joint Conference on Artificial Intelligence"
	,year="1977"
	,annote="(subsumed by Bledsoe79)"
	,pages="501-510")

@Article(Bledsoe77b,
	Key="BledsoeNon-resolutionTheoremProving",
	Author="W. W. Bledsoe",
	Title="Non-resolution Theorem Proving",
	Journal="Artificial Intelligence",
	Year="1977",
	Volume="9",
	Number="1",
	Pages="1-35")

@Article(Bledsoe74,
	Key="Bledsoe74",
	Author="W. W. Bledsoe and Peter Bruell",
	Title="A Man-Machine Theorem-Proving System",
	Journal="Artificial Intelligence",
	Year="1974",
	Volume="5",
	Number="1",
	Pages="51-72")


@InSeries(Bohm74,
	Key="Bohm74",
	Author="C. Bohm and M. Dezani-Cancaglini",
	Title="Combinatorial problems, combinator equations, and normal forms",
	Booktitle="Automata, Languages, and Programming",
	Series="Lecture Notes in Computer Science 14",
	Publisher="Springer-Verlag",
	Editors="J. Loeckx",
	Publisher="Springer-Verlag",
	Year="1974",
	Pages="185-199")

@InProceedings(Bose89,
	Key="Bose89",
	Author="Soumitra Bose, Edmund M. Clarke, David E. Long,
		and S. Michaylov",
	Title="Parthenon: A Parallel Theorem Prover for Non-Horn Clauses",
	Booktitle="Fourth Annual Symposium on Logic in Computer Science",
	Publisher="IEEE Computer Society Press",
	Year="1989",
	Pages="80-89",
	annote="LICS'87. CMU 004 S98P")

@Article(Bowen73,
	Key="Bowen73",
	Author="Kenneth A. Bowen",
	Title="Cut Elimination in Transfinite Type Theory",
	Journal="ZML",
	Year="1973",
	Volume="19",
	Pages="141-162")

@Article(Boyer86,
	Key="Boyer86",
	Author= "Robert Boyer, Ewing Lusk, William McCune, 
		Ross Overbeek, Mark Stickel, and Lawrence Wos",
	Title={Set Theory in First-Order Logic: Clauses for G@ovp(o)"del's
		Axioms},
	Journal="Journal of Automated Reasoning",
	Year="1986",
	Pages="287-327",
	Volume="2")

@PhdThesis(Brown2004a,
 Author="Chad E. Brown",
 Title="Set Comprehension in Higher-Order Logic",
 School="Department of Mathematical Sciences, Carnegie Mellon University",
 Year=2004)

@InSeries(Brown2002,
 Author="Chad E. Brown",
 Title="Solving for Set Variables in Higher-Order Theorem Proving",
   booktitle = "Automated Deduction - CADE-18; 18th International Conference on Automated Deduction",
   publisher = "Springer",
	Series="Lecture Notes in Artificial Intelligence 2392",
   editor = "Andrei Voronkov",
   year = "2002",
Pages="408-422")

@Article(Buss94,
	Key="Buss94",
	Author="Samuel R. Buss",
	Title=[On G@ovp(o)"del's Theorem on Lengths of Proofs I: 
		Number of Lines	and Speedup for Arithmetic],
	Journal="Journal of Symbolic Logic",
	Volume="59",
	Year="1994",
	Pages="737-756")

@Article(Chester76,
	Key="ChesterTheTranslationofFormalProofsintoEnglish",
	Author="Daniel Chester",
	Title="The Translation of Formal Proofs into English",
	Journal="Artificial Intelligence",
	Year="1976",
	Volume="7",
	Pages="261-278")

@PhdThesis(Chester73,
	Author=" Daniel Chester",
	Key="FormalLogicandtheRepresentaitionofLinguisticDeepStructure",
	Title="Formal Logic and the Representation of Lingistic Deep Structure",
	School="University of California, Berkeley",
	Year="1973")

@Book( Church56,
 	Key="Church",
 	Author="A. Church",
 	Title="Introduction to Mathematical Logic",
 	Publisher="Princeton University Press",
   	Year="1956",
 	FullAuthor="Alonzo Church",
  	Address="Princeton, N.J.",
  	Annote="510.1 C56i2")

@Article(Church40,
	Author="Alonzo Church",
	Key="Church40",
	Title="A Formulation of the Simple Theory of Types",
	Journal="Journal of Symbolic Logic",
	Year="1940",
	Volume="5",
	Pages="56-68")

@InSeries(Clarke94,
	Key="Clarke94",
	Author="Edmund Clarke and Xudong Zhao",
	Title= "Combining symbolic computation and theorem proving:
		some problems of Ramanujan",
	Booktitle="Automated Deduction - CADE-12.
		12th International Conference on Automated Deduction",
	Editor="Alan Bundy. Nancy, France",
	Series="Lecture Notes in Artificial Intelligence 814",
	Publisher="Springer-Verlag",
	Year="1994",
	Pages="758-763")

@misc(Clarke92,
Key="Clarke92",
Author="Edmund Clarke, Xudong Zhao",
Title="Analytica -- A Theorem Prover for Mathematica", 
Year="1991",
Note="unpublished")

@Book( Cohen66,
 	Key="Cohen",
 	FullAuthor="Paul Cohen",
	Author="P. Cohen",
 	Title="Set Theory and the Continuum Hypothesis",
 	Publisher="W. A. Benjamin, Inc.",
 	Year="1966",
  	Address="New York",
  	Note="510.12 C67s")

@book(Constable86,
	Key="Constable86",
	Author="R. L. Constable et al.",
	Title="Implementing Mathematics with the Nuprl Proof Development System",
	Publisher="Prentice Hall",
	Year="1986")

@Article(CookReckhow79,
	Author="Stephen A. Cook and Robert A. Reckhow",
	Key="CookReckhow79",
	Title="The Relative Efficiency of Propositional Proof Systems",
	Journal="Journal of Symbolic Logic",
	Year="1979",
	Volume="44",
	Pages="36-50")

@Article(Coquand88,
	Key="Coquand88",
	Author="Thierry Coquand and Gerard Huet",
	Title="The Calculus of Constructions",
	Journal="Information and Computation",
	Volume="76",
	Pages="95-120",
	Year="1988")

@InSeries(Coquand85,
	Key="Coquand85",
	Author="Thierry Coquand and Gerard Huet",
	Title="Constructions: A Higher Order Proof System for 
		Mechanizing Mathematics",
	BookTitle="EUROCAL '85: European Conference on Computer Algebra,
		Linz, Austria, April 1-3 1985",
	Series="Lecture notes in computer science 203",
	Publisher="Springer-Verlag",
	Editor="Bruno Buchberger",
	Year="1985",
	Volume="1",
	Annote="CMU  512.028 E89e",
	Pages="151-184")

@book(Curry58,
	Key="Curry58",
	Author="Haskell B. Curry and Robert Feys",
	Title="Combinatory logic",
	Publisher="Studies in logic and the foundations of mathematics, 
		North-Holland",
	Year="1958")

@InSeries{Davis63,
	Key="Davis63",
	Author="Martin Davis",
	Title="Eliminating the Irrelevant from Mechanical Proofs",
	booktitle="Experimental Arithmetic, High Speed Computing and Mathematics",
	Series="Proceedings of Symposia in Applied Mathematics XV", 
	Publisher="American Mathematical Society", 
	Year="1963",
	Pages="15-30"}

@Book( Davis77,
 	Key="Davis",
 	FullAuthor="Martin Davis",
	Author="M. Davis",
 	Title="Applied Nonstandard Analysis",
 	Publisher="John Wiley & Sons",
 	Year="1977",
  	Address="New York",
  	Note="517 D263a")

@Book( Davis65,
 	Key="Davis",
 	FullAuthor="Martin Davis",
	Author="M. Davis",
 	Title="The Undecidable",
 	Publisher="Raven Press",
 	Year="1965",
  	Address="Hewlett, N. Y.",
  	Note="510.1 D26u")

@InBook(deBruijn80,
	Key="deBruijn80",
	Author="N .G. de Bruijn",
	Title="A Survey of the Project AUTOMATH",
	Editor="J. P. Seldin and J. R. Hindley",
	BookTitle="To H. B. Curry: Essays on Combinatory Logic, 
		Lambda Calculus, and Formalism",
	Publisher="Academic Press",
	Year="1980",
	Pages="579-606",
	Annote="510.1 T62 at CMU"
	)


@Book(DrebenGoldfarb79,
	Author="Dreben, Burton and Goldfarb, Warren D.",
	Title="The Decision Problem: Solvable Classes of Qunatificational Formulas",
	Publisher="Addison-Wesley Publishing Company",
	Address="Reading, Massachusetts",
	Year="1979",
	Key="Dreben")

@Article(Dreben66,
	Author="Burton Dreben and John Denton",
	Key="Dreben66",
	Title="A Supplement to Herbrand",
	Journal="Journal of Symbolic Logic",
	Year="1966",
	Volume="31",
	Pages="393-398")

@Article(Dreben63,
	Key="Dreben63",
	Author="Burton Dreben, Peter Andrews, and Stal Aanderaa",
	Title="False Lemmas in Herbrand",
	Journal="Bulletin of the American Mathematical Society",
	Volume="69",
	Year="1963",
	Pages="699-706")

@Book(Eder90,
	Author="Elmar Eder",
	Key="Eder90",
	Title="Relative Complexities of First Order Calculi",
	Publisher="Vieweg Verlag, Braunschweig",
	Year="1992")

@InSeries(Eder89,
 	Key="Eder89",
	Author="Elmar Eder",
        Title="A comparison of the resolution calculus and the connection
        method, and a new calculus generalizing both methods",
 	BookTitle="CSL'88 - 2nd Workshop on Computer Science Logic",
	Series="Lecture Notes in Computer Science 385",
	Publisher="Springer-Verlag",
 	Year="1989",
  	Address="Berlin",
  	Editor="E. Borger, H. Kleine Buning, and M. M. Richter",
  	Pages="80-98")

@InSeries(Eisinger86,
       Key="Eisinger86",
       Author="N. Eisinger and H. J. Ohlbach",
       Title="The Markgraph Karl Refutation Procedure (MKRP)", 
	Booktitle="8th International Conference on Automated Deduction",
	Editors="Jorg H. Siekmann, Oxford, England",
	Series="Lecture Notes in Computer Science 230",
	Publisher="Springer-Verlag",
	Year="1986",
        Pages="681-682")

@Article(Farmer93b,
  author =      "W. M. Farmer",
  title =       "A Simple Type Theory with Partial Functions and Subtypes",
  journal =     "Annals of Pure and Applied Logic",
  year =        "1993",
  volume =      "64",
  pages =       "211-240")

@Article(Farmer93,
	Key="Farmer93",
	Author= "William M. Farmer, Joshua D. Guttman, F. Javier Thayer",
	Title="IMPS: An Interactive Mathematical Proof System",
	Journal="Journal of Automated Reasoning",
	Year="1993",
	Pages="213-248",
	Volume="11")

@InSeries(Farmer90,
	Key="Farmer90",
	Author="William M. Farmer, Joshua D. Guttman, F. Javier Thayer",
	Title="IMPS: An Interactive Mathematical Proof System",
	Booktitle="10th International Conference on Automated Deduction",
	Editor="M. E. Stickel, Kaiserslautern, FRG",
	Series="Lecture Notes in Artificial Intelligence 449",
	Publisher="Springer-Verlag",
	Year="1990",
	Pages="653-654")

@Article(Farmer90a,
  author =      "W. M. Farmer",
  title =       "A Partial Functions Version of Church's Simple
                 Theory of Types",
  journal =     "Journal of Symbolic Logic",
  year =        "1990",
  volume =      "55",
  pages =       "1269-91")

@Techreport(Felty86,
	   Author="Amy P. Felty",
	   Key="Felty86",
           Title="Using Extended Tactics to Do Proof Transformations",
	   Institution="Department of Computer and Information Science,
           University of Pennsylvania",
	   Number="MS-CIS-86-89",
           Year="1986")

@Misc(FreydP,
	Key="FreydP",
	Author="Peter Freyd",
	Title="Personal communication")

@Article(Gallier92,
	Key="Gallier92",
	Author="Jean H. Gallier, Paliath Narendran, Stan Raatz and Wayne Snyder",
	Title="Theorem Proving Using Equational Matings and Rigid E-Unification",
	Journal="Journal of the ACM",
        Volume="39",
        Pages="377-429",
	Year="1992")

@misc(Gallier89c,
	Key="Gallier89c",
	Author="Jean H. Gallier, Paliath Narendran, 
         David Plaisted, Stan Raatz and Wayne Snyder",
	Title="An Algorithm for Finding Canonical Sets of 
	 Ground Rewrite Rules in Polynomial Time",
	Note="Submitted to the Journal of the ACM")

@Article(Gallier89a,
	Key="Gallier89a",
	Author="Jean H. Gallier and Wayne Snyder",
	Title="Complete Sets of Transformations for General E-Unification",
	Journal="Theoretical Computer Science",
        Volume="67",
        Pages="203-260",
	Year="1989")

@Article(Gallier89b,
	Key="Gallier89b",
	Author="Jean H. Gallier, P. Narendran, David Plaisted,
	 and Wayne Snyder",
	Title="Rigid E-Unification:  NP-completeness 
	 and Applications to Theorem Proving",
	Journal="Information and Computation",
	Volume="87",
	Pages="129-195",
	Year="1990")

@InProceedings(Gallier88,
	Key="Gallier88",
	Author="Jean H. Gallier, Stan Raatz, and Wayne Snyder",
	Title="Rigid E-Unification and its Applications to Equational Matings",
	BookTitle="CREAS Symposium",
	Editors="Nivat and Ait-Kaci",
	Year="1988",
	Pages="151-216")

@InProceedings(Gallier87a,
	Key="Gallier87a",
	Author="Jean H. Gallier, Stan Raatz, Wayne Snyder",
	Title="Theorem Proving Using Rigid E-Unification: Equational Matings",
	Booktitle="LICS '87",
	Address="Cornell, Ithaca",
	Year="1987",
	Pages="338-346",
        Annote="Computer Science Dept. Technical Report File, MS-CIS-87-28,
               LINC LAB 56, PUMC 87-28")

@InProceedings(Gallier87b,
	Key="Gallier87b",
	Author="Jean H. Gallier, Wayne Snyder",
	Title="A General Complete E-Unification Procedure",
	BookTitle="RTA '87",
	Address="Bordeaux, France",
	Year="1987",
	Pages="216-227")

@Book(Gallier86,
	Key="Gallier86",
	Author="Jean H. Gallier",
	Title="Logic for Computer Science. Foundations of Automatic Theorem Proving",
	Publisher="Harper \& Row",
	Year="1986")

@Book(Gallin75,
	Author="Daniel Gallin",
	Key="GallinIntensionalandHigher-OrderModalLogic",
	Title="Intensional and Higher-Order Modal Logic",
	Publisher="North Holland",
	Year="1975")

@InBook(Gandy80b,
	Key="Gandy80b",
	Author="R. O. Gandy",
	Title="Proofs of Strong Normalization",
	Editor="J. P. Seldin and J. R. Hindley",
	BookTitle="To H. B. Curry: Essays on Combinatory Logic, 
		Lambda Calculus and Formalism",
	Publisher="Academic Press",
	Pages="457-477",
	Annote="510.1 T62 at CMU",
	Year="1980")

@InBook(Gandy80a,
	Key="Gandy80a",
	Author="R. O. Gandy",
	Title="An Early Proof of Normalization by A. M. Turing",
	Editor="J. P. Seldin and J. R. Hindley",
	BookTitle="To H. B. Curry: Essays on Combinatory Logic, 
		Lambda Calculus and Formalism",
	Publisher="Academic Press",
	Pages="453-455",
	Annote="510.1 T62 at CMU",
	Year="1980")

@Article(Garson80,
	Key="Garson80",
	Author="James W. Garson and Paul Mellema",
	Title="Computer-Assisted Instruction in Logic: EMIL",
	Journal="Teaching Philosophy",
	Volume="3",
	Year="1980",
	Pages="453-478")

@InCollection( Gentzen36,
 	Key="Gentzen",
 	FullAuthor="Gerhard Gentzen",
	Author="G. Gentzen",
 	Title="The Consistency of Elementary Number Theory",
 	BookTitle="The Collected Papers of Gerhard Gentzen",
 	Publisher="North-Holland Publishing Co.",
 	Year="1969",
  	Address="Amsterdam",
  	Editor="M. E. Szabo",
  	Note="510.1 G33c",
  	Pages="132-213")

@InCollection( Gentzen35,
 	Key="Gentzen",
 	FullAuthor="Gerhard Gentzen",
	Author="G. Gentzen",
 	Title="Investigations into Logical Deductions",
 	BookTitle="The Collected Papers of Gerhard Gentzen",
 	Publisher="North-Holland Publishing Co.",
 	Year="1969",
  	Address="Amsterdam",
  	Editor="M. E. Szabo",
  	Note="510.1 G33c",
  	Pages="68-131",
 )

@Book(Girard87,
       Key="Girard",
       FullAuthor="Jean-Yves Girard",
       Author="J. Y. Girard",
       Title="Proof Theory and Logical Complexity",
       Publisher="Bibliopolis",
       Year="1987")

@Article(Glanz95,
	Key="Glanz95",
	Author="James Glanz",
	Title="Computer Scientists Rethink Their Discipline's Foundations",
	Journal="Science",
	Volume="269",
	Year="September 1995",
	Pages="1363-1364")

@PhdThesis(Goad80,
	Author="Goad, Christopher Alan",
	Key="Goad",
	Title="Computational Uses of the Manipulation of Formal Proofs",
	School="Stanford",
	Month="August",
	Year="1980")

@Book(Godel86,
 	Key="Godel86",
 	Author=[Kurt G@ovp(o)"del],
 	Title="Collected Works, Volume I",
 	Publisher="Oxford University Press",
 	Year="1986")

@Book(Godel40,
 	Key="Godel40",
 	Author=[Kurt G@ovp(o)"del],
 	Title="The Consistency of the Axiom of Choice and
	       of the Generalized Continuum Hypothesis with 
	       the Axioms of Set Theory",
 	Publisher="Princeton University Press",
 	Year="1940",
  	Address="Princeton",
  	Annote="510.1 G58c")

@Article(Godel36,
	Key="Godel36",
 	Author=[Kurt G@ovp(o)"del],
	Title=[@ovp(U)"ber die L@ovp(a)"nge von Beweisen],
	Journal="Ergebnisse eines Mathematischen Kolloquiums",
	Year="1936",
	Pages="23-24",
	Note="Translated in @cite[Godel86], pp. 396-399.")

@Article(Goldfarb81,
	Key="Goldfarb81",
	Author="Warren D. Goldfarb", 
	Title="The Undecidability of the Second-order Unification Problem",
	Journal="Theoretical Computer Science",
	Volume="13",
	Year="1981",
	Pages="225-230")

@Article(Goldson93b,
	Key="Goldson93b",
	Author="Douglas Goldson, Steve Reeves and Richard Bornat", 
	Title="A Review of Several Programs for the Teaching of Logic",
	Journal="The Computer Journal",
	Volume="36",
	Year="1993",
	Pages="373-386")

@Article(Goldson93,
	Key="Goldson93",
	Author="Doug Goldson and Steve Reeves", 
	Title="Using Programs to Teach Logic to Computer Scientists",
	Journal="Notices of the American Mathematical Society",
	Volume="40",
	Year="1993",
	Pages="143-148")

@misc(Goldson92,
	Key="Goldson92",
	Author="Douglas Goldson, Steve Reeves and Richard Bornat", 
	Title="A review of several programs for the teaching of logic",
	Note="Department of Computer Science, Queen Mary and Westfield College,
		University of London, 1992.")

@InSeries(Goller94,
	Key="Goller94",
	Author="Chr. Goller, R. Letz, K. Mayr, J. Schumann",
	Title= "SETHEO V3.2: Recent Developments",
	Booktitle="Automated Deduction - CADE-12.
		12th International Conference on Automated Deduction",
	Editor="Alan Bundy. Nancy, France",
	Series="Lecture Notes in Artificial Intelligence 814",
	Publisher="Springer-Verlag",
	Year="1994",
	Pages="778-782")

@Book(GordonMelham93,
 	Key="Gordon93",
 	Author="M.J. Gordon and T.F. Melham, editors",
 	Title="Introduction to HOL: A theorem-proving environment for 
		higher-order logic",
 	Publisher="Cambridge University Press",
 	Year="1993")

@InBook(Gordon88,
	Key="Gordon88",
	Author="Michael J. C. Gordon",
	Title="HOL: A Proof Generating System for Higher-Order Logic", 
	Editor="Graham Birtwistle and P.A. Subrahmanyam",
	BookTitle="VLSI Specification, Verification, and Synthesis",
	Publisher="Kluwer Academic Publishers",
	Year="1988",
	Pages="73-128",
	Annote="CMU 621.395 V871")

@InBook(Gordon86,
	Key="Gordon86",
	Author="M. Gordon",
	Title="Why Higher-order Logic is a Good Formalism for
		Specifying and Verifying Hardware", 
	Editor="G. Milne and P.A. Subrahmanyam",
	BookTitle="Formal Aspects of VLSI Design",
	Publisher="North-Holland",
	Year="1986")

@InCollection(Gordon86x,
	Author="M. Gordon",
	Title="Why Higher-order Logic is a Good Formalism for
		Specifying and Verifying Hardware", 
	Editor="G. Milne and P.A. Subrahmanyam",
	BookTitle="Formal Aspects of VLSI Design",
	Publisher="North-Holland",
	Year="1986")

@inseries(GORDON79,
	key	=	"Gordon79" ,
	author	=	"Michael J. Gordon, Arthur J. Milner, Christopher
		P. Wadsworth" ,
	title	=	"Edinburgh LCF" ,
	series  =	"Lecture Notes in Computer Science 78",
	publisher=	"Springer Verlag" ,
	year	=	"1979" ,
	keywords=	"Tactics, Tacticals, ML, LCF, PPLambda" ,
	year	=	"1986")

@Book(GunterFelty97,
 	Key="GunterFelty97",
 	Author="Elsa L. Gunter and Amy Felty, eds.",
 	Title={Theorem Proving in Higher Order Logics.
		10th International Conference, TPHOLs'97,
		Murray Hill, NJ, USA, August 1997. Proceedings},
 	Publisher="Lecture Notes in Computer Science 1275, Springer-Verlag",
 	Year="1997")

@Book( Halmos60,
 	Key="Halmos",
 	FullAuthor="Paul R. Halmos",
	Author="P. R. Halmos",
 	Title="Naive Set Theory",
 	Publisher="D. Van Nostrand Company Ltd.",
 	Year="1960",
  	Address="Princeton, N. J.",
  	Note="510.12 H19n")

@Book(Heijenoort67,
 	Key="van Heijenoort",
 	FullAuthor="Jean van Heijenoort",
	Author="J. van Heijenoort",
 	Title=[From Frege to G@ovp(o)"del],
 	Publisher="Harvard University Press",
 	Year="1967",
  	Address="Cambridge, Massachusetts")

  	@comment{,Note="510.1 V25f"}

@inproceedings	(HELMINK91,
key	=	"Helmink91",
author	=	"Leen Helmink and Rene Ahn",
title	=	"Goal Directed Proof Construction in Type Theory",
booktitle=	"Logical Frameworks",
editor	=	"Gerard Huet and Gordon Plotkin",
publisher=	"Cambridge University Press",
pages	=	"120-148",
year	=	"1991"
)

@Article(Henkin50,
	Tag="Henkin50",
	Author="Leon Henkin",
	Title="Completeness in the Theory of Types",
	Journal="Journal of Symbolic Logic",
	Volume="15",	
	Year="1950",
	Pages="81-91")

@Book(Herbrand71,
 	Key="Herbrand71",
 	Author="Jacques Herbrand",
 	Title="Logical Writings",
 	Publisher="Harvard University Press",
       Year="1971",
        Note="Edited by Warren D. Goldfarb.")

@Article(Herbrand30,
	Key="Herbrand30",
	Author="Jacques Herbrand",
	Title="Recherches sur la Theorie de la Demonstration",
	Journal="Travaux de la Societe des Sciences et des Lettres de Varsovie,
            Classe III sciences mathematiques et physiques",
	Volume="33",
	Year="1930",
	Note="Reprinted in @cite[Herbrand71].",
	Pages="1-128")

@Book(Hindley97,
 	Author="J. Roger Hindley",
 	Title="Basic Simple Type Theory",
 	Publisher="Cambridge University Press",
 	Year="1997")

@Book( HindleyLercher72,
 	Key="Hindley",
 	Author="J. R. Hindley, B. Lercher, J. P. Seldin",
 	Title="Introduction to Combinatory Logic",
 	Publisher="Cambridge University Press",
 	Year="1972",
  	Address="London")
  	@comment{Note="510.1 H662i"}

@Book(HindleySeldin86,
 	Key="HindleySeldin86",
 	Author="J. R. Hindley and J. P. Seldin",
 	Title="An introduction to combinators and the @g(l)-calculus",
 	Publisher="Cambridge University Press",
 	Year="1986")
  	@comment{Note="510.1 H66i"}

@InBook(Howard80,
	Key="Howard80",
	Author="W. A. Howard",
	Title="The Formula-As-Types Notion of Construction",
	Editor="J. P. Seldin and J. R. Hindley",
	BookTitle="To H. B. Curry: Essays on Combinatory Logic, 
		Lambda Calculus and Formalism",
	Publisher="Academic Press",
	Pages="480-490",
	Annote="510.1 T62 at CMU",
	Year="1980")

@InSeries(Huang96,
	Key="Huang96",
	Author="Xiaorong Huang,  Armin Fiedler",
	Title= "Presenting Machine-Found Proofs",
	Booktitle="Automated Deduction - CADE-13.
		13th International Conference on Automated Deduction",
	Editor="M. A. McRobbie and J. K. Slaney",
	Series="Lecture Notes in Artificial Intelligence 1104",
	Publisher="Springer",
	Year="1996",
	Pages="221-225")

@InSeries(Huang94b,
	Key="Huang94b",
	Author="Xiaorong Huang, Manfred Kerber, Michael Kohlhase,
		Erica Melis, Dan Nesmith, Jorn Richts, Jorg Siekmann",
	Title= "KEIM: A Toolkit for Automated Deduction",
	Booktitle="Automated Deduction - CADE-12.
		12th International Conference on Automated Deduction",
	Editor="Alan Bundy. Nancy, France",
	Series="Lecture Notes in Artificial Intelligence 814",
	Publisher="Springer-Verlag",
	Year="1994",
	Pages="807-810")

@InSeries(Huang94a,
	Key="Huang94a",
	Author="Xiaorong Huang, Manfred Kerber, Michael Kohlhase,
		Erica Melis, Dan Nesmith, Jorn Richts, Jorg Siekmann",
	Title= "@g(W)-MKRP: A Proof Development Environment",
	Booktitle="Automated Deduction - CADE-12.
		12th International Conference on Automated Deduction",
	Editor="Alan Bundy. Nancy, France",
	Series="Lecture Notes in Artificial Intelligence 814",
	Publisher="Springer-Verlag",
	Year="1994",
	Pages="788-792")

@InProceedings(Huang90,
	Key="Huang90",
	Author="Xiaorong Huang",
	Title="Reference Choices in Mathematical Proofs",
	BookTitle="Proceedings of the 9th European Conference on
	Artificial Intelligence",
	Editor="Luigia Carlucci Aiello",
	Publisher="Pitman Publishing",
	Year="1990",
	Pages="720-725")

@InSeries(Huang89,
	Key="Huang89",
	Author="Xiaorong Huang",
	Title="Proof Transformation Towards Human Reasoning Style",
	BookTitle="Proceedings of the 13th German Workshop on Artificial
	Intelligence",
	Series="Informatik-Fachberichte 216",
	Publisher="Springer-Verlag",
	Editor="D. Metzing",
	Year="1989",
	Pages="37-42")

@Techreport(Huang89a,
	   Author="Xiaorong Huang",
	   Key="Huang89a",
           Title="A Human Oriented Proof Presentation Model",
	   Institution="Kaiserslautern University",
	   Number="SEKI SR-89-11",
           Year="1989")

@Book(Huet76,
	Author="Gerard Huet",
	Key="Huet",
	Title="Resolution d'Equations dans les Languages
		 d'Ordre 1,2,...,@g(w)",
	Publisher="These de Doctorat D'Etat, Universite Paris VII",
	Year=1976)
@COMMENT(Dale - Huet is classified as a book because we do not want references
	to say "Phd thesis")

@Article(Huet75,
	Author="Gerard P. Huet",
	Key="Huet75",
	Title="A Unification Algorithm for Typed @g(l)-Calculus",
	Journal="Theoretical Computer Science",
	Year="1975",
	Volume="1",
	Pages="27-57")

@Article(Huet75acc,
	Author="Gerard P. Huet",
	Key="Huet75",
	Title="A Unification Algorithm for Typed @g(l)-Calculus",
	Journal="Theoretical Computer Science",
	Year="1975",
	Volume="1",
	Pages="27-57")

@InProceedings(Huet73,
	Author="Gerard P. Huet",
	Key="Huet73",
	Title="A Mechanization of Type Theory",
	Organization="IJCAI",
	BookTitle="Proceedings of the Third International Joint Conference on Artificial Intelligence",
	Year="1973",
	Pages="139-146")

@Article(Huet73b,
	Author="Gerard P. Huet",
	Key="Huet73b",
	Title="The Undecidability of Unification in Third-order Logic",
	Journal="Information and Control",
	Volume="22",
	Year="1973",
	Pages="257-267")

@Book( HughesCresswell68,
 	Key="Hughes",
 	Author="G. E. Hughes, M. J. Cresswell",
 	Title="An Introduction to Modal Logic",
 	Publisher="Methuen & Co., Ltd.",
	Address="New York",
   	Year="1968")

@PhdThesis{Issar91,
	key="Issar91",
	author="Sunil Issar",
	Title ="Operational Issues in Automated Theorem Proving Using Matings",
	School="Carnegie Mellon University",
	Year="1991",
	Note="147 pp."}

@inproceedings(Issar90,
	key="Issar90",
	author="Sunil Issar",
	title="Path-Focused Duplication: A Search Procedure for General 
		Matings", 
	booktitle="AAAI-90. Proceedings of the Eighth National Conference 
		on Artificial Intelligence",
	year="1990",
	volume="1", 
	pages="221-226",
	publisher="AAAI Press/The MIT Press",
	)

@Article(JensenPietrzykowski76,
	Author="D. C. Jensen and T. Pietrzykowski",
	Key="JensenPietrzykowski",
	Title="Mechanizing @g(w)-Order Type Theory Through Unification",
	Journal="Theoretical Computer Science",
	Volume="3",
	Year="1976",
	Pages="123-171")

@Article(JensenPietrzykowski76x,
	Author="D. C. Jensen and T. Pietrzykowski",
	Key="JensenPietrzykowski",
	Title="Mechanizing $\omega$-Order Type Theory Through Unification",
	Journal="Theoretical Computer Science",
	Volume="3",
	Year="1976",
	Pages="123-171")

@InSeries(Johann94a,
	Key="Johann94a",
	Author="Patricia Johann and Michael Kohlhase",
	Title= "Unification in an Extensional Lambda Calculus
		with Ordered Function Sorts and Constant Overloading",
	Booktitle="Automated Deduction - CADE-12.
		12th International Conference on Automated Deduction",
	Editor="Alan Bundy. Nancy, France",
	Series="Lecture Notes in Artificial Intelligence 814",
	Publisher="Springer-Verlag",
	Year="1994",
	Pages="620-634")

@article(JonesMiddelburg94,
        author   = "C.B. Jones and C.A. Middelburg",
        title    = "A Typed Logic of Partial Functions Reconstructed
                    Classically",
        journal  = "Acta Informatica",
        volume   = 31,
        number   = 5,
        pages    = "399-430",
        year     = 1994)

@Book(JoyceSeeger93,
 	Key="JoyceSeeger93",
 	Author="Jeffrey J. Joyce, Carl-Johan H. Seger, eds.",
 	Title="Higher Order Logic Theorem Proving and Its Applications:
		6th International Workshop, HUG '93, 
		Vancouver, B.C., Canada, August 11-13, 1993. Proceedings",
 	Publisher="Lecture Notes in Computer Science 780, Springer-Verlag",
 	Year="1993")

@Article(Kapur95,
	Key="Kapur95",
	Author="D. Kapur and H. Zhang",
	Title="An overview of RRL (Rewrite Rule Laboratory)",
	Journal="Computers and Mathematics with Applications",
	Volume="29",
	Year="1995",
	Pages="91-114")

@Book( Kneebone63,
 	Key="Kneebone",
 	Author="G. T. Kneebone",
 	Title="Mathematical Logic and the Foundation of Mathematics",
 	Publisher="D. Van Nostrand Company Ltd.",
 	Year="1963",
  	Address="London",
  	Note="510.1 K68m")

@InSeries(Kohlhase95,
	Key="Kohlhase95",
	Author="Michael Kohlhase",
	Title= "Higher-Order Tableaux",
	Booktitle="Theorem Proving with Analytic Tableaux and Related
		Methods. 4th International Workshop, TABLEAUX '95,
		Schloss Rheinfels, St. Goar, Germany, May 7-10, 1995",
	Editor="Peter Baumgartner, Reiner Hahnle, Joachim Posegga",
	Series="Lecture Notes in Artificial Intelligence 918",
	Publisher="Springer",
	Year="1995",
	Pages="294-309")

@InProceedings(Kohlhase95x,
	Key="Kohlhase95",
	Author="Michael Kohlhase",
	Title= "Higher-Order Tableaux",
	Booktitle="Theorem Proving with Analytic Tableaux and Related
		Methods. 4th International Workshop, TABLEAUX '95,
		Schloss Rheinfels, St. Goar, Germany, May 7-10, 1995",
	Editor="Peter Baumgartner, Reiner Hahnle, Joachim Posegga",
	Series="Lecture Notes in Artificial Intelligence 918",
	Publisher="Springer",
	Year="1995",
	Pages="294-309")

@PhdThesis{Kohlhase94,
	Key="Kohlhase94",
        Author="Michael Kohlhase",
        Title="A Mechanization of Sorted Higher-order Logic
		Based on the Resolution Principle",
	School="Universitat des Saarlandes",
	Year="1994"}

@TechReport{Kohlhase93a,
	Key="Kohlhase93a",
	Author="Michael Kohlhase",
        Title="A Unifying Principle for Extensional Higher-order Logic",
	Institution="Department of Mathematics, Carnegie Mellon University",
	Number="93-153",
	Year="January 1993"}

@Article(Kolodner64,
	Key="Kolodner64",
	Author="Ignace I. Kolodner",
	Title="Fixed Points",
	Journal="American Mathematical Monthly",
	Volume="71",
	Year="1964",
	Pages="906")

@inproceedings(Konrad98b,
 AUTHOR = {Karsten Konrad}, 
 Title="HOT: A Concurrent Automated Theorem Prover based on Higher-Order Tableaux",
 Booktitle="Theorem Proving in Higher Order Logics. 
 11th International Conference, TPHOLs'98",
 Editor="Jim Grundy and Malcolm Newey",
 Publisher="Springer",
 Series="Lecture Notes in Artificial Intelligence",
 Year="1998",
 )

@Article(Kowalski75,
	Key="Kowalski75",
	Author="Robert Kowalski",
	Title="A Proof Procedure Using Connection Graphs",
	Journal="Journal of the ACM",
	Volume="22",
	Year="1975",
	Pages="572-595")

@Techreport(Kozen76,
	Key="Kozen76",
	Author="Dexter Kozen",
        Title="Finitely presented algebras",
	Institution="Computer Science Department, Cornell University",
	Number="TR 76-294",
	Year="1976")

@Article(Lee92,
	Key="Lee92",
	Author="Shie-Jue Lee and David A. Plaisted",
	Title="Eliminating Duplication with the Hyper-Linking Strategy",
	Journal="Journal of Automated Reasoning",
	Volume="9",
	Year="1992",
        Pages="25-42")

@incollection{Leivant94,
author={Daniel Leivant},
year=1994,
title={Higher Order Logic},
editor={Dov M. Gabbay, C.J. Hogger and J.A. Robinson},
booktitle={Handbook of Logic in Artificial Intelligence and Logic Programming},
volume={2},
publisher={Oxford University Press},
pages={229-321}
}

@Article(Letz92,
	Key="Letz92",
	Author= "R. Letz, J. Schumann, S. Bayerl, W. Bibel",
	Title="SETHEO: A high-performance theorem prover",
	Journal="Journal of Automated Reasoning",
	Year="1992",
	Pages="(183-212)",
	Volume="8")

@Book(LewisLangford51,
	Author="Lewis, Clarence Irving and Langford, Cooper Harold",
	Key="Lewis",
	Title="Symbolic Logic",
	Publisher="Dover Publications",
	Year="1951")

@PhdThesis{lingenfelder90,
	Key="lingenfelder90",
        Author="Christoph Lingenfelder",
        Title="Transformation and Structuring of Computer Generated Proofs",
	School="University of Kaiserslautern",
	Year="1990",
	Note="115 pp."}

@techreport(lingenfelder86,
        Author="Christoph Lingenfelder",
           Key="Lingenfelder86",
           Title="Transformation of Refutation Graphs into Natural 
		Deduction Proofs",
           Institution="SEKI",
           Number="SR-86-10",
           Year="1986")

@techreport(lingenfelder88,
           Author="Christoph Lingenfelder",
           Key="Lingenfelder88",
           Title="Structuring Computer Generated Proofs",
           Institution="SEKI",
           Number="SR-88-19",
           Year="1988")

@inproceedings(lingenfelder89,
	author="Christoph Lingenfelder",
	key="Lingenfelder89",
	title="Structuring Computer Generated Proofs",
	booktitle="Proceedings of the 11th International Joint Conference 
	on Artificial Intelligence",
	year="1989" ,
	editor="N. S. Sridharan" ,
	pages="378-383" ,
	publisher="Morgan Kaufmann",
	)

@InBook(Loader94,
	Key="Loader94",
	Author="R. Loader",
	Title="The undecidability of lambda definability",
	Editor="M.Zeleny",
	BookTitle="Festschrift for A. Church",
	Publisher="University of Chicago Press",
	Year="",
	Pages=""
	)

@Article(Lloyd95,
	Key="Lloyd95",
	Author="Seth Lloyd",
	Title="Quantum-Mechanical Computers",
	Journal="Scientific American",
	Volume="273",
	Year="October 1995",
	Pages="140-145")

@Article(Loveland68,
	Key="Loveland68",
	Author="Donald W. Loveland",
	Title="Mechanical theorem proving by model elimination",
	Journal="Journal of the ACM",
	Volume="15",
	Year="1968",
	Pages="236-251")

@Article(Mairson92,
	Key="Mairson92",
	Author="H. Mairson",
	Title="A simple proof of a theorem of Statman",
	Journal="Theoretical Computer Science",
	Year="1992",
	Volume="103",
	Pages="387-394")

@Book(Manna77,
	Author="Zohar Manna and Richard Waldinger",
	key="Manna",
	Title="Studies in Automatic Programming Logic",
	Publisher="North-Holland",
	Address="New York",
	Year="1977")

@Book(Manna74,
	Key="Manna74",
	Author="Zohar Manna",
	Title=" Mathematical Theory of Computation",
	Publisher=" McGraw-Hill",
	Year="1974",
	Note=" 448 pp.")

@Article(Martin-Lof73,
	Key="Martin-Lof",
	Author="P. Martin-Lof",
	Title="Hauptsatz for Intuitionistic Simple Type Theory",
	Journal="ZML",
	Year="1973",
	Volume="19",
	Pages="279")

@Article(Mayr97,
	Key="Mayr97",
	Author="R. Mayr and T. Nipkow",
	Title="Higher-order rewrite systems and their confluence",
	Journal="Theoretical Computer Science",
	Year="1997")

@inproceedings(McCarthy95b,
	Key="McCarthy95b",
	Author="John McCarthy",
	Title="The Mutilated Checkerboard in Set Theory",
	Booktitle="The QED Workshop II",
	Editor="Roman Matuszewski",
	Year="1995",
	Pages="25-26",
	Note="Available from http://www.mcs.anl.gov/qed/index.html."
	)

@misc(McCarthy95a,
        Key="McCarthy95a",
        Author="John McCarthy", 
        Title="http://www-formal.stanford.edu/jmc/nut.html.")

@misc(McCarthy64,
        Key="McCarthy64",
        Author="John McCarthy",
	Title="A Tough Nut for Proof Procedures",
        Note="Stanford Artificial Intelligence Project Memo No. 16, 1964.
             @*Available from @w{http://www-formal.stanford.edu/jmc/}.")

@Article(McCune95,
	Key="McCune95",
	Author="William McCune",
	Title="Another Crack in a Tough Nut",
	Journal="Association for Automated Reasoning Newsletter",
	Volume="31",
	Year="1995",
	Pages="1-3")

@Book(MelhamCamilleri94,
 	Key="MelhamCamilleri94",
 	Author="T. F. Melham and J. Camilleri, eds.",
 	Title="Higher Order Logic Theorem Proving and Its Applications:
		7th International Workshop, Valletta, Malta,
		September 1994, Proceedings",
 	Publisher="Lecture Notes in Computer Science 859, Springer-Verlag",
 	Year="1994")

@Book( Mendelson64,
 	Key="Mendelson",
 	FullAuthor="Elliott Mendelson",
	Author="E. Mendelson",
 	Title="Introduction to Mathematical Logic",
 	Publisher="D. Van Nostrand Company Ltd.",
 	Year="1964",
  	Address="Princeton, N.J.",
  	Note="510.1 M53i")

@Techreport(Mendler86,
	Key="Mendler86",
	Author="Mendler",
        Title="Recursive types and strong normalization",
	Institution="Computer Science Department, Cornell University",
	Number="TR 86-764",
	Year="1986")

@InSeries(MeyerWand,
	Key="MeyerWand",
	Author="A. R. Meyer and M. Wand",
	Title="Continuation Semantics in Typed Lambda-Calculi",
	Booktitle="Logics of Programs",
	Series="Lecture Notes in Computer Science 193",
	Publisher="Springer-Verlag",
	Year="1985",
	Editor="Rohit Parikh",
	Pages="219-224")

@Article(Miller87,
	Key="Miller87",
	Author="Dale A. Miller",
	Title="A Compact Representation of Proofs",
	Journal="Studia Logica",
	Year="1987",
	Volume="46",
	Number="4",
	Pages="347-370")

@InSeries{ Miller84,
	Key="Miller84",
	Author="Dale A. Miller",
	Title="Expansion Tree Proofs and Their Conversion to Natural Deduction Proofs",
	Editors="R. E. Shostak, Napa, California, USA",
	Series="Lecture Notes in Computer Science 170",
	Publisher="Springer-Verlag",
	Booktitle="7th International Conference on Automated Deduction",
	Year="1984",
	Pages="375-393"}

@PhdThesis{Miller83,
	Key="Miller83",
	Author="Dale A. Miller",
	Title ="Proofs in Higher-Order Logic",
	School="Carnegie Mellon University",
	Year="1983",
	Note="81 pp."}

@InProceedings(millerfelty86,
  Key = "millerfelty86",
  Title = "An Integration of Resolution and Natural Deduction
         Theorem Proving",
  Author ="Dale Miller and Amy Felty",
  Booktitle = "AAAI-86. Fifth National Conference on Artificial Intelligence",
  Address = "Philadelphia, PA",
  Month = "August",
  Year = 1986,
  Editors = "Tom Kehler, Stan Rosenschein, Robert Filman and
             Peter F. Patel-Schneider",
  Pages = "198-202")

@manual(MillerPfenning83a,
	Key="MillerPfenning83a",
	Title="TPS User Manual",
	Author="Dale A. Miller and Frank Pfenning",
	Edition="11th",
	Year="October 13, 1983",
	Note="99 pp.")

@manual(MillerPfenning83b,
	Key="Andrews84b",
	Title="TPS Software Manual",
	Author="Peter Andrews, Sunil Issar, Dale Miller, and 
	Frank Pfenning",
	Year="June 5, 1984",
	Note="107 pp.")

@InSeries{ Miller82,
	Key="Miller82",
	Author="Dale A. Miller, Eve Longini Cohen, Peter B. Andrews",
	Title="A Look at TPS",
	Editors="Donald W. Loveland, New York, USA",
	Series="Lecture Notes in Computer Science 138",
	Publisher="Springer-Verlag",
	Booktitle="6th Conference on Automated Deduction",
	Year="1982",
	Pages="50-69"}

@article	(MILNER78,
key	=	"Milner78" ,
author	=	"Robin Milner" ,
title	=	"A Theory of Type Polymorphism in Programming" ,
journal	=	"Journal of Computer and System Sciences" ,
volume	=	"17" ,
month	=	"August" ,
year	=	"1978" ,
pages	=	"348-375" 
)

@PhdThesis(Minor79,
	Author="John Minor",
	Key="MinorProvingaSubsetofSecondOrderLogicwithFirstOrderProofProcedures",
	Title="Proving a Subset of Second-Order Logic with First-Order Proof
		Procedures",
	School="University of Texas at Austin",
	Month="August",
	Year="1979")

@Book(Mostowski66,
 	Key="Mostowski",
 	FullAuthor="Andrzej Mostowski",
	Author="A. Mostowski",
 	Title="Thirty Years of Foundational Studies",
 	Publisher="Barnes & Noble, Inc.",
 	Year="1966",
  	Address="New York",
  	Note="510.1 M91t")

@InSeries(Muller94,
	Key="Muller94",
	Author="Olaf Muller and Franz Weber",
	Title= "Theory and Practice of Minimal Modular
		 Higher-Order E-Unification",
	Booktitle="Automated Deduction - CADE-12.
		12th International Conference on Automated Deduction",
	Editor="Alan Bundy. Nancy, France",
	Series="Lecture Notes in Artificial Intelligence 814",
	Publisher="Springer-Verlag",
	Year="1994",
	Pages="650-664")


@InSeries(MurrayRosenthal90,
	Key="MurrayRosenthal90",
	Author="Neil V. Murray and Eric Rosenthal",
	Title="DISSOLVER: A Dissolution-based Theorem Prover",
	Booktitle="10th International Conference on Automated Deduction",
	Editor="M. E. Stickel, Kaiserslautern, FRG",
	Series="Lecture Notes in Artificial Intelligence 449",
	Publisher="Springer-Verlag",
	Year="1990",
	Pages="665-666")

@InSeries(MurrayRosenthal88,
	Key="MurrayRosenthal88",
	Author="Neil V. Murray and Eric Rosenthal",
	Title="An Implementation of a Dissolution-Based System
	Employing Theory Links",
	Booktitle="9th International Conference on Automated Deduction",
	Editors="Ewing Lusk and Ross Overbeek, Argonne, Illinois",
	Series="Lecture Notes in Computer Science 310",
	Publisher="Springer-Verlag",
	Year="1988",
	Pages="658-674")

@Article(MurrayRosenthal87,
	Key="MurrayRosenthal87",
	Author="Neil V. Murray and Eric Rosenthal",
	Title="Inference with Path Resolution and Semantic Graphs",
	Journal="Journal of the ACM",
	Volume="34",
	Year="1987",
	Pages="225-254")

@Article(Myers90,
	Key="Myers",
	Author="Brad A. Myers, Dario A. Giuse, Roger B. Dannenberg, 
			Brad Vander Zanden, David S. Kosbie, Edward Pervin, 
			Andrew Mickish, and Philippe Marchal",
	Title="Garnet: Comprehensive Support for Graphical,
			Highly-Interactive User Interfaces",
	Journal="IEEE Computer",
	year=1990,
	Volume=23,
	number=11,
	month=Nov,
	Pages="71-85"
	)

@Article(Narendran97,
Key="Narendran97",
Author="P. Narendran, F. Pfenning, and R. Statman",
Title="On the Unification Problem for Cartesian Closed Categories", 
Journal="Journal of Symboloc Logic",
Year="1997",
Pages="636-647")

@InProceedings(Narendran93,
Key="Narendran93",
Author="P. Narendran, F. Pfenning, and R. Statman",
Title="On the Unification Problem for Cartesian Closed Categories", 
Booktitle=" Proceedings of the Eighth Annual IEEE Symposium
             on Logic in Computer Science, Montreal, Canada",
Publisher="IEEE Computer Society Press",
Year="1993",
Pages="57-63")

@misc(Narendran92,
Key="Narendran92",
Author="Narendran, Pfenning, and Statman",
Title="On the unification problem for  CCC's", 
Year="1992",
Note="unpublished")

@InSeries(Nipkow92,
	Key="Nipkow92",
	Author="Tobias Nipkow and Zhenyu Qian",
	Title="Reduction and Unification in Lambda Calculi with Subtypes",
	Booktitle="Automated Deduction - CADE-11",
	Editor="D. Kapur, Saratoga Springs, NY, USA",
	Series="Lecture Notes in Artificial Intelligence 607",
	Publisher="Springer-Verlag",
	Year="1992",
	Pages="66-78")

@InBook(Ohlbach90,
	Key="Ohlbach90",
	Author="Hans Jurgen Ohlbach and Jorg H. Siekmann",
	Title="The Markgraf Karl Refutation Procedure",
	Editor="J. L. Lassez",
	BookTitle="Festschrift of A. Robinson's 60th Birthday",
	Publisher="Oxford University Press",
	Year="1990",
	Pages="(to appear)"
	)

@Phdthesis	(OHLBACH88a,
key	=	"Ohlbach88",
author	=	"Hans Jurgen Ohlbach",
title	=	"A Resolution Calculus for Modal Logics",
school	=	"Department of Computer Science, University of Kaiserslautern",
year	=	"1988"
)

@TechReport(Ohlbach88,
      Key="Ohlbach88",
      Author="H. J. Ohlbach and J. Siekmann",
      Title="Using Automated Reasoning Techniques for Deductive Databases",
      Institution="SEKI Report SR-88-06, FB Informatik, University of Kaiserslautern",
      Year="1988")

@TechReport(Ohlbach82,
       Key="Ohlbach82",
       Author="H. J. Ohlbach",
       Title="The Logic Engine",
       Institution="MEMO-SEKI-82-II, FB Informatik, University of Karsruhe",
       Year="1982")

@InSeries(Owre96,
	Key="Owre96",
	Author="S. Owre, S. Rajan, J.M. Rushby, N.  Shankar, and M. Srivas",
	Title="PVS: Combining Specification, Proof Checking, and Model Checking",
	Booktitle="Computer-Aided Verification, CAV'96",
	Editor="Rajeev Alur and Thomas A. Henzinger",
	Series="Lecture Notes in Computer Science 1102",
	Publisher="Springer-Verlag",
	Year="1996",
	Pages="411-414",
	)

@misc(Paulson96,
       Key="Paulson96",
       Author="Lawrence C. Paulson",
       Title="A Simple Mechanical Proof for the Mutilated Chess Board", 
       Year="1996",
       Note="available from @w[http://www.cl.cam.ac.uk/users/lcp/papers/mutil.dvi.gz]")

@Article(Paulson93,
	Key="Paulson93",
	Author= "Lawrence C. Paulson",
	Title="Set Theory for Verification: I. From Foundations to Functions",
	Journal="Journal of Automated Reasoning",
	Year="1993",
	Pages="353-389",
	Volume="11")

@Article(Paulson89,
	Key="Paulson89",
	Title="The Foundation of a Generic Theorem Prover",
	Author= "Lawrence C. Paulson",
	Journal="Journal of Automated Reasoning",
	Year="1989",
	Pages="363-397",
	Volume="5")

@Book(Paulson87,
 	Key="Paulson87",
 	Author="L. C. Paulson",
 	Title="Logic and Computation. Interactive proof with Cambridge LCF",
 	Publisher="Cambridge University Press",
 	Year="1987",
  	Annote="CMU  005.1 P33L ")

@Article(Petermann92,
	Key="Petermann92",
	Title="How to Build in an Open Theory into Connection Calculi",
	Author= "Uwe Peterman",
	Journal="Computers and Artificial Intelligence",
	Year="1992",
	Pages="105-142",
	Volume="11")

@InSeries(PfenningNesmith90,
	Key="Pfenning90",
	Author="Frank Pfenning and Dan Nesmith",
	Title="Presenting Intuitive Deductions via Symmetric Simplification",
	Booktitle="10th International Conference on Automated Deduction",
	Editor="M. E. Stickel, Kaiserslautern, FRG",
	Series="Lecture Notes in Artificial Intelligence 449",
	Publisher="Springer-Verlag",
	Year="1990",
	Pages="336-350")

@PhdThesis{Pfenning86,
	Key="Pfenning86",
	Author="Frank Pfenning",
	Title ="Proof Transformations in Higher-Order Logic",
	School="Carnegie Mellon University",
	Year="1987",
	Note="156 pp."}

@InSeries{Pfenning84,
	Key="Pfenning84",
	Author="Frank Pfenning",
	Title="Analytic and Non-analytic Proofs",
	Editors="R. E. Shostak, Napa, California, USA",
	Series="Lecture Notes in Computer Science 170",
	Publisher="Springer-Verlag",
	Booktitle="7th International Conference on Automated Deduction",
	Year="1984",
	Pages="394-413"}

@InSeries(Pierce90,
	Key="Pierce90",
	Author="William Pierce",
	Title="Toward Mechanical Methods for Streamlining Proofs",
	Booktitle="10th International Conference on Automated Deduction",
	Editor="M. E. Stickel, Kaiserslautern, FRG",
	Series="Lecture Notes in Artificial Intelligence 449",
	Publisher="Springer-Verlag",
	Year="1990",
	Pages="351-365")

@Article(Pietrzykowski72,
	Author="Tomasz Pietrzykowski",
	Key="Pietrzykowski72",
	Title="A Complete Mechanization of Second-Order Type Theory",
	Journal="Journal of the ACM",
	Volume="20",
	Year="1973",
	Pages="333-364")

@InProceedings(PietrzykowskiJensen72,
	Author="T. Pietrzykowski and D. C. Jensen",
	Key="PietrzykowskiJensen72",
	Title="A complete mechanization of (@g[w])-order type theory",
	BookTitle="Proceedings of the ACM Annual Conference, Volume I",
	Publisher="ACM",
	Year="1972",
	Pages="82-92")


@InSeries{Prawitz70,
	Key="Prawitz70",
	Author="Dag Prawitz",
	Title="A proof procedure with matrix reduction",
	Editors="M. Laudet, D. Lacombe, L. Nolin, and M. Schutzenberger",
	Series="Lecture Notes in Mathematics 125",
	Publisher="Springer-Verlag",
	Booktitle="Symposium on Automatic Demonstration, Versailles, France",
	Year=" 1970",
	Pages="207-214",
	Annote="CMU 510.1 S988s"}

@InBook(Prawitz69,
	Key="Prawitz69",
	Author="Dag Prawitz",
	Title="Advances and Problems in Mechanical Proof Procedures",
	Editors="Meltzer and Michie",
	BookTitle="Machine Intelligence 4",
	Publisher="Edinburgh University Press",
	Year="1969",
	Annote="CMU 501.535 M14",
	Pages="59-71")

@Article(Prawitz68,
	Tag="Prawitz68",
	Author="Dag Prawitz",
	Title="Hauptsatz for Higher Order Logic",
	Journal="Journal of Symbolic Logic",
	Volume="33",	
	Year="1968",
	Pages="452-457")

@InSeries(Prehofer94,
	Key="Prehofer94",
	Author="Christian Prehofer",
	Title= "Decidable higher-order unification problems",
	Booktitle="Automated Deduction - CADE-12.
		12th International Conference on Automated Deduction",
	Editor="Alan Bundy. Nancy, France",
	Series="Lecture Notes in Artificial Intelligence 814",
	Publisher="Springer-Verlag",
	Year="1994",
	Pages="635-649")

@article (quaife90,
	title="Andrews' Challenge Problem Revisited",
	author= "Art Quaife",
	key="quaife90",
	journal="AAR Newsletter",
	year="May 1990",
	pages="3-7",
	volume="15")

@Inproceedings(Qian92,
	Key="Qian92",
	Author="Zhenyu Qian and K. Wang",
	Title ="Higher Order E-Unification for Arbitrary Theories",
	Booktitle="Proc. Joint International Conference and Symposium 
		on Logic Programming",
	Publisher="MIT Press",
	Year="1992",
	Pages="")

@Article(Quine55,
	Key="Quine55",
	Author="W. V. Quine",
	Title="A Proof Procedure for Quantification Theory",
	Journal="Journal of Symbolic Logic",
	Volume="20",	
	Year="1955",
	Pages="141-149")

@TechReport(Raph84,
       Key="Raph84",
       Author="Karl Mark G. Raph",
       Title="The Markgraph Karl Refutation Procedure",
       Institution="Interner Bericht, Memo-SEKI-MK-84-01,
                  Fachbereich Informatik, Universitat Kaiserlautern",
       Year="1984")

@InProceedings{Richardson98,
author={Richardson, Julian and Smaill, Alan and Green, Ian},
title="System Description: Proof Planning in Higher-Order Logic with @g(l)Clam",
 booktitle = "Automated Deduction - CADE-15; 15th International Conference on Automated Deduction",
 publisher = "Springer",
 Series="Lecture Notes in Artificial Intelligence 1421",
 editor = "Claude Kirchner and Helene Kirchner",
 address="Lindau, Germany",
 year = "1998",
pages={129-133}}

@InBook(Robinson91,
	Key="Robinson91",
	Author="J. A. Robinson",
	Title="Formal and Informal Proofs",
	Editors="R.S. Boyer",
	BookTitle="Automated Reasoning: Essays in Honor of Woody Bledsoe",
	Publisher="Kluwer Academic Publishers",
	Year="1991",
	Pages="267-281")

@Book(Robinson79,
 	Key="Robinson",
 	Author="J. A. Robinson",
 	Title="Logic: Form and Function",
 	Publisher="Elsevier North-Holland Inc.",
 	Year="1979",
  	Address="New York",
  	Note="501.535 R66L Comp.Sci.")

@InBook(Robinson70,
	Author="J. A. Robinson",
	Title="A note on mechanizing higher order logic",
	BookTitle="Machine Intelligence 5",
	Publisher="Edinburgh University Press",
	Year="1970",
	Pages="121-135")

@InBook(Robinson69,
	Author="J. A. Robinson",
	Title="Mechanizing Higher-Order Logic",
	BookTitle="Machine Intelligence 4",
	Publisher="Edinburgh University Press",
	Year="1969",
	Pages="151-170")

@InProceedings(Robinson68,
	Key="Robinson68",
	Author="J. A. Robinson",
	Title= "New Directions in Mechanical Theorem Proving",
	Booktitle="Proceedings of the IFIP Congress",
	Year="1968",
	Pages="206-210")

@Article(Robinson65,
	Key="Robinson65",
	Author="J. A. Robinson",
	Title="A Machine-Oriented Logic Based on the Resolution Principle",
	Journal="Journal of the ACM",
	Volume="12",
	Year="1965",
	Pages="23-41")

@Book(Rogers87,
        Key="Rogers",
        Author="Hartley Rogers, Jr.",
        Title="Theory of Recursive Functions and Effective Computabiblity",
        Publisher="MIT Press",
        Year="1987",
        Address="Massachusetts",
        Note="510.1 R72ta")

@Book( Rosser53,
	Key="Rosser53",
	Author="J. Barkley Rosser",
	Title="Logic for Mathematicians",
	Publisher="McGraw-Hill",
	Year="1953")

@Book(Russell1903,
	Key="Russell1903",
	Author="Bertrand Russell",
	Title="The Principles of Mathematics",
	Publisher="Cambridge University Press",
	Year="1903")

@Article(Russell08,
	Key = "Russell1908",
	Author = "Bertrand Russell",
	Title="Mathematical Logic as Based on the Theory of Types",
	Journal="American Journal of Mathematics",
	Volume="30",
	Year="1908",
	Pages="222-262",
	Note="Reprinted in @cite[Heijenoort67], pp. 150-182.")

@Article(Russell08x,
	Key = "Russell1908",
	Author = "Bertrand Russell",
	Title="Mathematical Logic as Based on the Theory of Types",
	Journal="American Journal of Mathematics",
	Volume="30",
	Year="1908",
	Pages="222-262",
	Note="Reprinted in \cite[pp. 150-182.]{Heijenoort67x}")

@article(SaksStatman88,
	Key="SaksStatman88",
	Author="M. Saks and R. Statman",
	Title="An Intersection Problem for Finite Automata",
	Journal="Discrete Applied Mathematics",
	Volume="21",
	Year="1988",
	Pages="245-255")

@Book(SchubertWindleyAlves-Foss95,
 	Key="SchubertWindleyAlves-Foss95",
 	Author="E. T. Schubert, P. J. Windley, and J. Alves-Foss, eds.",
 	Title="Higher Order Logic Theorem Proving and Its Applications:
		8th International Workshop, Aspen Grove, Utah, 
		September 1995. Proceedings",
 	Publisher="Lecture Notes in Computer Science 971, Springer-Verlag",
 	Year="1995")

@InSeries(Schumann90,
	Key="Schumann90",
	Author="J. Schumann and R. Letz",
	Title="PARTHEO: A High-Performance Parallel Theorem Prover",
	Booktitle="10th International Conference on Automated Deduction",
	Editor="M. E. Stickel, Kaiserslautern, FRG",
	Series="Lecture Notes in Artificial Intelligence 449",
	Publisher="Springer-Verlag",
	Year="1990",
	Pages="40-56")

@TechReport(Scott81,
	key="Scott81",
	Author="Dana Scott",
	Title="Lectures on a Mathematical Theory of Computation",
	Institution="Oxford Technical Monograph PRG - 19",
	Year="May 1981")

@manual(Scribe80,
	Key="Scribe",
	Author="Brian K. Reid and Janet H. Walker",
	Title="SCRIBE Introductory User's Manual",	
	Organization="UNILOGIC, Ltd.",
	Year="1980",
	Edition="Third",
	Address="160 N. Craig St., Pittsburgh, PA 15213")

@Book( Shoenfield67,
 	Key="Shoenfield",
 	FullAuthor="Joseph R. Shoenfield",
	Author="J. R. Shoenfield",
 	Title="Mathematical Logic",
 	Publisher="Addison-Wesley",
 	Year="1967",
  	Address="Reading, Massachusetts",
  	Note="510.1 S55m")

@Article(Shostak76,
	Key="Shostak76",
	Author="Robert E. Shostak",
	Title="Refutation Graphs",
	Journal="Artificial Intelligence",
	Volume="7",
	Year="1976",
	Pages="51-64")

@Article(Sickel76,
	Key="Sickel76",
	Author="Sharon Sickel",
	Title="A Search Technique for Clause Interconnectivity Graphs",
	Journal="IEEE Transactions on Computers",
	Volume="C-25",
	Year="1976",
	Pages="823-835")

@Article(Siefkes,
	Author="Dirk Siefkes",
	Key="SiefkesUndecidableExtensionsofMonadicSecond-OrderSuccessorArithemtic",
	Title="Undecidable Extensions of Monadic Second-Order 
		Successor Arithemtic",
	Journal="ZML",
	Year="1971",
	Volume="17",
	Pages="385-394",
	note="references Buchi, not Behmann")

@InSeries{Siekmann84,
       Key="Siekmann84",
       Author="Jorg Siekmann",
       Title="Universal Unification",
	Editors="R. E. Shostak, Napa, California, USA",
	Series="Lecture Notes in Computer Science 170",
	Publisher="Springer-Verlag",
	Booktitle="7th International Conference on Automated Deduction",
	Year="1984",
	Pages="1-42"}

@Book(SiekmannWrightson83b,
	Key="SiekmannWrightson83b",
	Author="Jorg Siekmann and Graham Wrightson, editors",
	Title="Automation of Reasoning. Vol. 2.  Classical Papers on Computational Logic 1967-1970",
	Publisher="Springer-Verlag",
	Year="1983")

@Book(SiekmannWrightson83b*,
	Key="SiekmannWrightson83b*",
	Author="[SW] Jorg Siekmann and Graham Wrightson, editors",
	Title="Automation of Reasoning. Vol. 2.  Classical Papers on Computational Logic 1967-1970",
	Publisher="Springer-Verlag",
	Year="1983")

@Book(SiekmannWrightson83a,
	Key="SiekmannWrightson83a",
	Author="Jorg Siekmann and Graham Wrightson, editors",
	Title="Automation of Reasoning. Vol. 1.  Classical Papers on Computational Logic 1957-1966",
	Publisher="Springer-Verlag",
	Year="1983")


@InSeries(Simon88,
	Key="Simon88",
	Author="Donald Simon",
	Title="Checking Natural Language Proofs",
	Booktitle="9th International Conference on Automated Deduction",
	Editors="Ewing Lusk and Ross Overbeek, Argonne, Illinois",
	Series="Lecture Notes in Computer Science 310",
	Publisher="Springer-Verlag",
	Year="1988",
	Pages="141-150")

@Book{ Smullyan95,
 author = {Raymond M. Smullyan},
 title = {First-Order Logic},
 publisher = {Dover Publications, New York},
 edition = {Second corrected},
 year = {1995},
 note = {First published in 1968 by Springer.}
}

@Book(Smullyan85,
 	Key="Smullyan",
 	Author="Raymond Smullyan",
 	Title="To Mock a Mockingbird",
 	Publisher="Alfred A. Knopf",
 	Year="1985",
  	Address="New York")

@Book( Smullyan68,
 	Key="Smullyan",
 	FullAuthor="Raymond M. Smullyan",
	Author="R. M. Smullyan",
 	Title="First-Order Logic",
 	Publisher="Springer-Verlag",
 	Year="1968",
  	Address="Berlin",
  	Note="510.1 S66f")

@Article(Smullyan63,
 Key="Smullyan63",
 Author="Raymond M. Smullyan",
 Title="A Unifying Principle in Quantification Theory",
 Journal="Proceedings of the National Academy of Sciences, U.S.A.",
 Volume="49",
 Year="1963",
 Pages="828-832")

@InSeries(Snyder90,
	Key="Snyder90",
	Author="Wayne Snyder",
	Title="Higher-Order E-Unification",
	Booktitle="10th International Conference on Automated Deduction",
	Editor="M. E. Stickel, Kaiserslautern, FRG",
	Series="Lecture Notes in Artificial Intelligence 449",
	Publisher="Springer-Verlag",
	Year="1990",
	Pages="573-587")

@Article(Snyder89,
	key="Snyder89",
	Author="Wayne Snyder and Jean Gallier",
	Title="Higher-Order Unification Revisited: Complete Sets of 
	 Transformations",
	Journal="Journal of Symbolic Computation",
	Volume="8",
	Year="1989",
	Pages="101-140")

@misc(Statman95a,
Key="Statman95a",
Author="R. Statman",
Title="The matching problem for simply typed lambda calculus with 
       surjective pairing",
Year="1994")


@Techreport(Statman94b,
Key="Statman94b",
Author="R. Statman",
Title="On the existence of n but not n+1 easy combinators",
Institution="Department of Mathematics, Carnegie Mellon University",
Number="94-165",
Year="1994")

@Techreport(Statman94a,
Key="Statman94a",
Author="R. Statman",
Title="Recursive types and the subject reduction theorem",
Institution="Department of Mathematics, Carnegie Mellon University",
Number="94-164",
Year="1994")

@InBook(Statman93a,
Key="Statman93a",
Author="Rick Statman",
Title="Some examples of non-existent combinators",
Editors="M. Dezani-Ciancaglini, S. Ronchi Della Rocca, M. Venturini Zilli",
BookTitle="A Collection of Contributions in Honour of Corrado Bohm
  on the Occasion of his 70th Birthday",
Publisher="Elsevier",
Year="1993",
Pages="441-448",
Note="(Reprinted from @i[Theoretical Computer Science] 121 (1993))")

@Techreport(Statman92d,
Key="Statman92d",
Author="Rick Statman",
Title="An embedding of untyped @g(l)-calculus into simply typed @g(l)-calculus",
Institution="Department of Mathematics,
 Carnegie Mellon University",
Number="92-147",
Year="1992")

@Techreport(Statman92c,
Key="Statman92c",
Author="Rick Statman",
Title="Simply Typed @g(l) calculus with Surjective Pairing",
Institution="Department of Mathematics,
 Carnegie Mellon University",
Number="92-146",
Year="1992")

@Article(Statman92b,
Key="Statman92b",
Author="R. Statman",
Title="The Visser fixed point theorem",
Journal="Journal of Functional Programming",
Year="1992",
Volume="2",
Pages="233-236",
Note="(in Enumerators of lambda terms are reducing by Henk Barendregt)")

@misc(Statman92a,
Key="Statman92a",
Author="R. Statman",
Title="Some results about  S-terms",
Year="1991",
Note="unpublished")

@InProceedings(Statman92,
Key="Statman92",
Author="R. Statman, U. Deliquoro, and A. Piperno",
Title="Retracts in the simply typed @g(lbh)-calculus",
Booktitle=" Proceedings of the Seventh Annual IEEE Symposium
             on Logic in Computer Science, Santa Cruz, California",
Publisher="IEEE Computer Society Press",
Year="1992",
Pages="461-469")


@Techreport(Statman91a,
Key="Statman91a",
Author="R. Statman",
Title="There is no hyperrecurrent  S, K combinator",
Institution="Department of Mathematics,
 Carnegie Mellon University",
Number="91-133",
Year="1991")

@Techreport(Statman91,
Key="Statman91",
Author="R. Statman",
Title="A local translation of untyped
 @g(l)-calculus into simply typed
 @g(l)-calculus",
Institution="Department of Mathematics,
 Carnegie Mellon University",
Number="91-134",
Year="1991")

@misc(Statman90b,
Key="Statman90b",
Author="R. Statman",
Title="Taming the wild ant-lion",
Year="1990",
Note="unpublished")

@InProceedings(Statman90a,
Key="Statman90a",
Author="Rick Statman",
Title="Freyd's Hierarchy of Combinator Monoids",
Booktitle="Sixth Annual IEEE Symposium on Logic in Computer Science",
Publisher="IEEE Computer Society Press",
Year="1991",
Pages="186-190",
annote="LICS'91. CMU 004 S98P")

@misc(Statman89g,
Key="Statman89g",
Author="R. Statman",
Title="Marginalia to a proof of Mitchke's",
Year="1989",
Note="unpublished")

@misc(Statman89f,
Key="Statman91f",
Author="R. Statman",
Title="Solution to a problem of Barendregt",
Year="1989",
Note="unpublished")

@Misc(Statman89e,
	Key="Statman89e",
	Author="R. Statman",
        Title="Two recursion-theoretic problems in @g(l)-calculus",
	Year="1989",
	Note="unpublished")

@Techreport(Statman89d,
	Key="Statman89d",
	Author="R. Statman",
        Title="Normal varieties of combinators",
	Institution="Department of Mathematics, Carnegie Mellon University",
	Number="89-61",
	Year="October 1989")

@Article(Statman89c,
	Key="Statman89c",
	Author="R. Statman",
	Title="The Word Problem for Smullyan's Lark Combinator is Decidable",
	Journal="Journal of Symbolic Computation",
	Volume="7",
	Year="1989",
	Pages="103-112")

@Article(Statman89b,
	Key="Statman89b",
	Author="R. Statman",
	Title="On Sets of Solutions to Combinator Equations", 
	Journal="Theoretical Computer Science",
	Volume="66",
	Year="1989",
	Pages="(99-104)")

@Misc(Statman89a,
	Key="Statman89a",
	Author="R. Statman",
	Title="Some properties of linear combinators",
	Note="in preparation")

@Techreport(Statman88c,
	Key="Statman88c",
	Author="R. Statman",
        Title="Combinators hereditarily of order two",
	Institution="Department of Mathematics, Carnegie Mellon University",
	Number="88-33",
        Year="1988")

@Techreport(Statman88b,
	Key="Statman88b",
	Author="R. Statman",
        Title="Combinators hereditarily of order one",
	Institution="Department of Mathematics, Carnegie Mellon University",
	Number="88-32",
        Year="1988")

@Techreport(Statman88a,
	Key="Statman88a",
	Author="R. Statman",
        Title="Combinators and the theory of partitions",
	Institution="Department of Mathematics, Carnegie Mellon University",
	Number="88-31",
        Year="1988")

@inproceedings(Statman87a,
Key="Statman87a",
Author="R. Statman",
Title="Empty types in polymorphic
 @g(l)-calculus",
Booktitle="ACM Symposium on Principles
 of Programming Languages",
Year="1987",
Annote="CMU library 005.13 a182c",
Pages="253-262")


@InSeries(Statman87,
Key="Statman87",
Author="R. Statman",
Title="A model of Scott's theory LCF",
Series="Contemporary Mathematics series",
Publisher="American Mathematical Society",
Volume="106",
Year="1987",
Pages="263-280")

@Article(Statman86g,
Key="Pasztor86",
Author="Ana Pasztor and Rick Statman",
Title="Scott induction and closure under  @g(w)-sups",
Journal="Theoretical Computer Science", 
Year="1986",
Volume="43",
Pages="251-263")  

@Article(Statman86f,
Key="Statman86f",
Author="R. Statman",
Title="Solving functional equations at higher types",
Journal="Notre Dame Journal of Formal Logic",
Volume="27",
Year="1986",
Pages="66-74")

@Misc(Statman86e,
	Key="Statman86e",
	Author="R. Statman",
        Title="Real and imaginary terms in polymorphic @g(l)-calculus",
	Year="1986",
	Note="unpublished.")

@Misc(Statman86d,
	Key="Statman86d",
	Author="R. Statman",
        Title="Combinator word problems",
	Year="1986",
	Note="course lecture notes in 1990")

@Techreport(Statman85e,
Key="Statman85e",
Author="R. Statman",
Title="Three notes on combinatory algebra",
Institution="Department of Mathematics, Carnegie Mellon University",
Number="85-5",
Year="1985")

@Techreport(Statman85d,
Key="Statman85d",
Author="R. Statman",
Title="Two exercises in combinatory algebra",
Institution="Department of Mathematics, Carnegie Mellon University",
Number="85-6",
Year="1985")

@Article(Statman86c,
	Key="Statman86c",
	Author="R. Statman",
        Title="Every countable poset is embeddedable in the
                  poset of unsolvable terms",
	Journal="Theoretical Computer Science",
	Volume="48",
	Year="1986",
	Pages="95-100")

@InProceedings(Statman86b,
	Key="Statman86b",
	Author="R. Statman",
	Title="On translating @g(l)-terms into combinators",
	BookTitle="Proceedings of the 1986 Symposium on Logic in
	 Computer Science",
	Organization="IEEE Computer Society",
	Year="1986",
	Pages="378-383")

@Misc(Statman85c,
	Key="Statman85c",
	Author="R. Statman",
        Title="Lectures on typed @g(l)-calculus",
	Year="1985",
	Note="unpublished lecture notes.")

@InProceedings(Statman85b,
	Key="Statman85b",
	Author="R. Statman",
	Title="Equality between functionals revisited",
	BookTitle="Harvey Friedman's Research on
	 the Foundations of Mathematics",
	Editors="L. Harrington, M. Morley, and S. Simpson",
	Publisher="North Holland",
	Year="1985",
	Pages="331-338")

@article(Statman85a,
	Key="Statman85a",
	Author="R. Statman",
	Title="Logical Relations and the Typed @g(l)-Calculus",
	Journal="Information and Control",
	Pages="85-97",
	Volume="65",
	Year="1985")

@misc(Statman85,
	Key="Statman85",
	Author="R. Statman",
	Title="A theory of higher type functional equations: text of
	 talk to the Boston Logic Colloquium",
	Year="1985")

@Misc(Statman83,
Key="Statman83",
Author="R. Statman",
Title="Embeddings, homomorphisms and @g(l)-definability",
Year="1983",
Note="unpublished")

@article(Statman82a,
Key="Statman82",
Author="R. Statman",
Title="@g(l)-definable functionals and @g(b)@g(h)-conversion",
Journal="Arch. Math. Logik und Grund.",
volume="22",
Year="1982",
Pages="1-6")

@article(Statman82,
	Key="Statman82",
	Author="R. Statman",
	Title="Completeness, invariance and @g(l)-definability",
	Journal="Journal of Symbolic Logic",
	Volume="47",
	Year="1982",
	Pages="17-26")

@inproceedings(Statman81d,
Key="Statman81d",
Author="R. Statman",
Title="Number theoretic functions computable by 
 polymorphic programs", 
Booktitle="22nd Annual Symposium on 
Foundations of Computer Science",
Publisher="Computer Society Press",
Year="1981",
annote="FOCS CMU library 004.S984pa",
Pages="279-282")

@misc(Statman81c,
Key="Statman81c",
Author="R. Statman",
Title="On the existence of closed 
 terms in the typed @g(l)-calculus III",
Year="1981",
Note="unpublished")

@article(Statman81b,
	Key="Statman81b",
	Author="R. Statman",
	Title="On the existence of closed terms in the typed @g(l)-calculus II",
	Journal="Theoretical Computer Science",
	Volume="15",
	Year="1981",
	Pages="329-338")

@InBook(Statman80,
	Key="Statman80",
	Author="Richard Statman",
	Title="On the existence of closed terms in the typed @g(l)-calculus I",
	Editor="J. P. Seldin and J. R. Hindley",
	BookTitle="To H. B. Curry: Essays on Combinatory Logic, 
		Lambda Calculus and Formalism",
	Publisher="Academic Press",
	Pages="511-534",
	Annote="510.1 T62 at CMU",
	Year="1980")

@Article(Statman79a,
Key="Statman79a",
Author="R. Statman",
Title="Intuitionistic propositional
 logic is polynomial space complete",
Journal="Theoretical Computer  Science",
volume="1",
Year="1979",
Pages="67-72")

@Article(Statman79,
	Key="Statman79",
	Author="R. Statman",
        Title="The typed @g(l)-calculus is not elementary recursive",
	Journal="Theoretical Computer Science",
	Volume="9",
	Year="1979",
	Pages="73-81")

@Article(Statman78,
	Key="Statman78",
	Author="Richard Statman",
        Title="Bounds for Proof Search and Speed-up in the
		Predicate Calculus",
	Journal="Annals of Mathematical Logic",
	Volume="15",
	Year="1978",
	Pages="225-287")

@Article(Subramanian95,
	Key="Subramanian95",
	Author="Sakthi Subramanian",
	Title="An Interactive Solution to the n x n
		Mutilated Checkerboard Problem",
	Journal="Journal of Logic and Computation",
	Year="to appear")

@Book( Suppes81,
 	Key="Suppes",
 	FullAuthor="Patrick Suppes",
	Author="P. Suppes",
 	Title="University-Level Computer-Assisted Instruction at Stanford",
 	Publisher="Leland Stanford Junior University",
 	Year="1981",
	Note="Part I")

@Book( Suppes60,
 	Key="Suppes",
 	FullAuthor="Patrick Suppes",
	Author="P. Suppes",
 	Title="Axiomatic Set Theory",
 	Publisher="D. Van Nostrand Company Ltd.",
 	Year="1960",
  	Address="Princeton, N. J.",
  	Note="510.12 S95a")

@InSeries(Sutcliffe94,
	Key="Sutcliffe94",
	Author="Geoff Sutcliffe, Christian Suttner, Theodor Yemenis",
	Title= "The TPTP Problem Library",
	Booktitle="Automated Deduction - CADE-12.
		12th International Conference on Automated Deduction",
	Editor="Alan Bundy. Nancy, France",
	Series="Lecture Notes in Artificial Intelligence 814",
	Publisher="Springer-Verlag",
	Year="1994",
	Pages="252-266")

@Article(Takahashi70,
	Key="Takahashi70",
	Author="Moto-o Takahashi",
	Title="A system of simple type theory of Gentzen style with 
                  inference on extensionality, and the cut elimination in it",
	Journal="Commentarii Mathematici Universitatis Sancti Pauli",
	Volume="18",
	Year="1970",
	Pages="129-147")

@Article(Takahashi67,
	Key="Takahashi67",
	Author="Moto-o Takahashi",
	Title="A proof of cut-elimination theorem in simple type theory",
	Journal="Journal of the Mathematical Society of Japan",
	Volume="19",
	Year="1967",
	Pages="399-410")

@Book( Takeuti87,
        Key="Takeuti",
        FullAuthor="Gaisi Takeuti",
        Author="G. Takeuti",
        Title="Proof Theory",
        Publisher="Elsevier Science Publishers B.V.",
        Year="1987",
        Note="510.1 T13p2")

@Article(Takeuti53,
	Author="Gaisi Takeuti",
	Key="Takeuti",
	Title="On a Generalized Logic Calculus",
	Journal="Japanese Journal of Mathematics",
	Volume=23,
	Year=1953,
	Pages="39-96",
	note="@i(Errata) @b(24) (1954), 149-156")

@Article(Takeuti53x,
	Author="Gaisi Takeuti",
	Key="Takeuti",
	Title="On a Generalized Logic Calculus",
	Journal="Japanese Journal of Mathematics",
	Volume=23,
	Year=1953,
	Pages="39-96",
	note="Errata: ibid, vol. 24 (1954), 149-156")

@InCollection( Tarski56,
 	Key="Tarski",
 	FullAuthor="Alfred Tarski",
	Author="A. Tarski",
 	Title="The Concept of Truth in Formalized Languages",
 	BookTitle="Logic, Semantics, Metamathematics",
 	Publisher="Oxford University Press",
 	Year="1956",
  	Address="Oxford",
  	Editor="J. H. Woodger",
  	Note="510.1 T19L",
  	Pages="152-278",
 )

@InSeries(UribeStickel94,
	Key="UribeStickel94",
	Author="Thomas E. Uribe and Mark E. Stickel",
	Title="Ordered Binary Decision Diagrams and the
		Davis-Putnam Procedure",
	Booktitle="Proceedings of the First International
		Conference on Constraints in Computational Logics",
	Editor="J. P. Jouannaud",
	Series="Lecture Notes in Computer Science 845",
	Publisher="Springer-Verlag",
	Year="1994",
	Pages="34-49")

@InBook(Visser80,
	Key="Visser80",
	Author="Albert Visser",
	Title="Numerations, @g(l)-calculus and Arithmetic",
	Editor="J. P. Seldin and J. R. Hindley",
	BookTitle="To H. B. Curry: Essays on Combinatory Logic, 
		Lambda Calculus and Formalism",
	Publisher="Academic Press",
	Year="1980",
	Pages="259-284",
	Annote="510.1 T62 at CMU"
	)

@Book(vonWrightGrundyHarrison96,
 	Key="vonWrightGrundyHarrison96",
 	Author="J. von Wright, J. Grundy, and J. Harrison, eds.",
 	Title="Theorem Proving in Higher Order Logics.
		9th International Conference, Turku, Finland, 
		August 1996. Proceedings",
 	Publisher="Lecture Notes in Computer Science 1125, Springer-Verlag",
 	Year="1996")

@book(Wallen90,
	Key="Wallen90",
	Author="Lincoln A. Wallen",
	Title="Automated Deduction in Nonclassical Logics",
	Publisher="MIT Press",
	Year="1990")

@Article(Weaver82,
	Key="Weaver82",
	Author="George Weaver and Gumb Raymond",
	Title="First-Order Properties of Relations with Monotonic Closure 
		Property",
	Journal="ZML",
	Year="1982",
	Volume="28",
	Number="1",
	Pages="1-5")

@book(WhiteheadRussell,
	Key="WhiteheadRussell",
	Author="Alfred North Whitehead and Bertrand Russell",
	Title="Principia Mathematica",
	Publisher="Cambridge University Press",
	Address="Cambridge, England",
	Year="1910-1913",
	Note="3 volumes.")

@Book( Wilder52,
 	Key="Wilder",
 	FullAuthor="Raymond L. Wilder",
	Author="R. L. Wilder",
 	Title="Introduction to the Foundations of Mathematics",
 	Publisher="John Wiley & Sons",
 	Year="1952",
  	Address="New York",
  	Note="510.1 W67i")

@Book(Wolfram88,
 	Key="Wolfram88",
	Author="S. Wolfram",
 	Title="Mathematica: A System for Doing Mathematics by Computer",
 	Publisher="Wolfram Research, Inc.",
 	Year="1988",
  	Address="New York")

@Article(Wos90,
	Key="Wos90",
	Title="The Problem of Finding a Mapping between Clause
	Representation and Natural-Deduction Representation",
	Author= "Larry Wos",
	Journal="Journal of Automated Reasoning",
	Year="1990",
	Pages="211-212",
	Volume="6")

@Article(Wos87,
	Key="Wos87",
	Title="The Problem of Definition Expansion and Contraction",
	Author= "Larry Wos",
	Journal="Journal of Automated Reasoning",
	Year="1987",
	Pages="433-435",
	Volume="3")

@Book(Wos84,
 	Key="Wos84",
 	Author="Larry Wos, Ross Overbeek, Ewing Lusk, Jim Boyle",
 	Title="Automated Reasoning. Introduction and Applications",
 	Publisher="Prentice Hall",
 	Year="1984")

@Article(Wos65,
	Key="Wos65",
	Author="Lawrence Wos, George A. Robinson, and Daniel F. Carson",
	Title="Efficiency and Completeness of the Set of Support Strategy
		in Theorem Proving",
	Journal="Journal of the ACM",
	Year="1965",
	Volume="12",
	Pages="536-541")

@Book{Zylberajch91,
	key="Zylberajch91",
	author="Cecile Zylberajch",
	Title ="Syntaxe et Semantique de la Facilite en Lambda-Calcul",
	Publisher="These de Doctorat, Mathematiques, Universite de Paris VII",
	Year="1991"}
@COMMENT(This is classified as a book because we do not want references
	to say "Phd thesis")


