
@Comment(BIBTEMPLATE .)
@Comment(BIBREFERENCES stdalphabetic)
@Comment{BIBSEPARATORS ",;&"}

@string{ai="Artificial Intelligence"}
@string{cade="International Conference on Automated Deduction"}
@string{cacm="Communications of the ACM"}
@string{cmu="Carnegie Mellon University"}
@string{ijcai="International Joint Conference on Artificial Intelligence"}
@string{jar="Journal of Automated Reasoning"}
@string{jacm="Journal of the ACM"}
@string{jlp="The Journal of Logic Programming"}
@string{jsl="Journal of Symbolic Logic"}
@string{lncs="Lecture Notes in Computer Science"}
@string{ncai="National Conference on Artificial Intelligence"}
@string{tcs="Theoretical Computer Science"}

@inproceedings(andrews90,
	key="andrews90",
	author="Peter B. Andrews and Sunil Issar and Dan Nesmith and
	Frank Pfenning",
	title="The {TPS} Theorem Proving System",
	booktitle="10th " # cade,
	editor="M. E. Stickel",
	series= lncs # " 449",
	publisher="Springer-Verlag",
	year="1990",
	pages="641-642")

@article (andrews89,
	title="On Connections and Higher-Order Logic",
	author= "Peter B. Andrews",
	key="andrews89",
	journal=jar,
	year="1989",
	pages="257-291",
	volume="5")

@manual(andrewstps88b,
	Key="andrewstps88b",
	Title="ETPS User's Manual",
	Author="Frank Pfenning and Sunil Issar and Dan Nesmith and Peter B. Andrews",
	Year="1990",
	Note="48+ii pp"
	)

@inproceedings(andrews88,
	key="andrews88",
	author="Peter B. Andrews and Sunil Issar and Daniel Nesmith and
	Frank Pfenning",
	title="The {TPS} Theorem Proving System",
	booktitle= "9th " # cade,
	editors="Ewing Lusk and Ross Overbeek, Argonne, Illinois",
	series=lncs # " 310",
	publisher="Springer-Verlag",
	year="1988",
	pages="760-761")

@manual(andrewstps90,
	key="andrewstps90",
	title="{TPS3} Facilities Guide for Users",
	author="Peter B. Andrews and Sunil Issar and Dan Nesmith and Frank Pfenning",
	year="1990"
	)

@inproceedings(andrews87,
	key="andrews87",
	author="Peter B. Andrews",
	title="Typed $\lambda$-calculus and Automated Mathematics",
	booktitle="Mathematical Logic and Theoretical Computer 
	Science",
	editor="David W. Kueker, Edgar G. K. Lopez-Escobar
	 and Carl H. Smith",
	series="Lecture Notes in Pure and Applied Mathematics, vol. 106",
	publisher="Marcel Dekker",
	year="1987",
	pages="1-14")

@book		(andrews86,
author	=	"Peter B. Andrews",
key	=	"andrews86",
title	=	"An Introduction to Mathematical Logic and Type
Theory: To Truth Through Proof",
publisher=	"Academic Press",
year	=	"1986" 
)

@article (andrews81,
	title="Theorem Proving via General Matings",
	author= "Peter B. Andrews",
	key="andrews81",
	journal=jacm,
	year="1981",
	pages="193-214",
	volume="28")

@inproceedings	(andrews80,
title	=	"Transforming Matings into Natural Deduction Proofs",
author	=	"Peter B. Andrews",
key	=	"Andrews80",
editors	=	"W. Bibel and R. Kowalski",
publisher=	"Springer-Verlag",
booktitle=	"5th Conference on Automated Deduction",
series=          lncs # " 87",
year	=	"1980",
pages	=	"281-292" 
)

@article(andrews71,
	title="Resolution in Type Theory",
	author= "Peter B. Andrews",
	key="andrews71",
	journal=jsl,
	year="1971",
	pages="414-432",
	volume="36")

@phdthesis(baxter76,
key	=	"baxter76",
author	=	"L. T. Baxter",
title	=	"The Complexity of Unification",
school	=	"University Of Waterloo",
year	=	"1976"
)

@inproceedings	(berliner73,
author	=	"Hans Berliner",
title	=	"Some Necessary Conditions for a Master Chess Program",
booktitle=	"Third " # ijcai,
publisher=	" ",
year	=	"1973",
pages   =       "77-85"
)

@article (bibel90,
	title="Short Proofs of the Pigeonhole Formulas Based on the 
Connection Method",
	author= "W. Bibel",
	key="bibel90",
	journal=jar,
	year="1990",
	pages="287-297",
	volume="6")

@inproceedings(bibel90a,
key	=	"bibel90a",
author	=	"W. Bibel",
title	=	"Perspectives on Automated Deduction",
booktitle=	"10th " # cade,
year  =          "1990",
pages = "invited talk"
)

@inproceedings	(bibel90b,
key	=	"bibel90b",
author	=	"W. Bibel and E. Eder",
title	=	"Methods and Calculi for Deduction",
booktitle=	"Handbook of Logic in Artificial Intelligence and Logic 
Programming ",
year	=	"1990",
pages   =       "draft"
)

@techreport (bibel88,
key	=	"bibel88",
author	=	"W. Bibel",
title	=	"On the Comparative Complexity of Resolution and
the Connection Method",
institution=	"University of British Columbia",
address	=	"Vancouver",
number	=	"BRC-88-6",
year	=	"1988"
)

@book(bibel87,
	author="Wolfgang Bibel",
	key="bibel87",
	title="Automated Theorem Proving",
	publisher="Vieweg, Braunschweig",
	Edition="second",
	year="1987")

@inproceedings	(bibel83,
key	=	"bibel83",
author	=	"Wolfgang Bibel and Elmar Eder and Bertram Fronhoefer",
title	=	"Towards an Advanced Implementation of the
Connection Method", 
booktitle=	"Eighth " # ijcai,
publisher=	" ",
year	=	"1983",
pages   =       "920-922"
)

@article(bibel82a,
	key="Bibel82a",
	author="Wolfgang Bibel",
	title="A Comparative Study of Several Proof Procedures",
	journal=ai,
	year="1982",
	volume="18",
	pages="269-293")

@book (bibel82,
	author="Wolfgang Bibel",
	key="bibel82",
	title="Automated Theorem Proving",
	publisher="Vieweg, Braunschweig",
	year="1982")

@article(bibel81,
	key="bibel81",
	author="Wolfgang Bibel",
	title="On Matrices with Connections",
	journal=jacm,
	year="1981",
	Month="October",
	volume="28",
	number="4",
	pages="633-645")

@inproceedings(bibel80,
	key="bibel80",
	author="Wolfgang Bibel",
	title="A Theoretical Basis for the Systematic Proof Method",
	booktitle ="Mathematical Foundations of Computer Science 1980, 
		Proceedings of the 9th Symposium, held in Rydzyna, Poland", 
	editor="P. Dembinski",
	series= lncs # " 88",
	publisher="Springer-Verlag",
	year = "1980",
	pages="154-167")

@article(bibel79,
	key="bibel79",
	author="Wolfgang Bibel",
	title="Tautology Testing with a Generalized Matrix Reduction Method",
	journal=tcs,
	year="1979",
	volume="8",
	pages="31-44")

@inproceedings(bledsoe79,
	key="bledsoe79",
	author="Mabry Tyson and W. W. Bledsoe",
	title="Conflicting Bindings and Generalized Substitutions", 
	booktitle ="Proceedings of Fourth Workshop on Automated Deduction",
	year = "1979",
	pages="14-18")

@book		(bondy76,
author	=	"J. A. Bondy and U. S. R. Murty",
key	=	"bondy76",
title	=	"Graph Theory with Applications",
publisher=	"North Holland",
year	=	"1976" 
)

@article	(bruijn72,
key	=	"bruijn72",
author	=	"N. G. de Bruijn",
title	=	"Lambda-Calculus Notation with Nameless Dummies: A
Tool for Automatic Formula Manipulation with Application to the
{Church-Rosser} Theorem",
journal	=	"Indag. Math.",
volume	=	"34",
number	=	"5",
year	=	"1972",
pages	=	"381-392"
)

@incollection	(bruynooghe84,
key	=	"bruynooghe84",
author	=	"M. Bruynooghe and L. M. Pereira",
title	=	"Deduction Revision by Intelligent Backtracking",
booktitle=	"Implementations of Prolog",
publisher=	"Ellis Horwood",
year	=	"1984",
pages   =       "194-215",
editor  =       "J. A. Campbell"
)

@book (chang73,
	author="C. Chang and R.C. Lee",
	key="chang73",
	title="Symbolic Logic and Mechanical Theorem Proving",
	publisher="Academic Press",
	year="1973")

@article(chen86,
	key="chen86",
	author="T. Y. Chen and J-L Lassez and G. S. Port",
	title="Maximal Unifiable Sets and Minimal Non-unifiable Sets",
	journal="New Generation Computing",
	year="1986",
	volume="4",
        publisher="Ohmsa, Ltd. and Springer-Verlag",
	pages="133-152")

@article(church40,
	author="Alonzo Church",
	key="church40",
	title="A Formulation of the Simple Theory of Types",
	journal=jsl,
	year="1940",
	volume="5",
	pages="56-68")


@book( church56,
 	key="church",
 	author="A. Church",
 	title="Introduction to Mathematical Logic",
 	publisher="Princeton University Press",
   	year="1956",
  	note="510.1 C56i2")

@techreport (clarke88,
author	=	"S.Bose and Edmund M. Clarke and D.E.Long and S.Michaylov",
title	=	"Parthenon: A Parallel Theorem Prover for Non-Horn Clauses",
institution=	cmu,
address	=	"Pittsburgh",
year	=	"1988"
)

@article(cook79,
	author="Stephen A. Cook and Robert A. Reckhow",
	key="cook79",
	title="The Relative Efficiency of Propositional Proof Systems",
	journal=jsl,
	year="1979",
	volume="44",
	pages="36-50")

@inproceedings(cook74,
	author="Stephen A. Cook and Robert A. Reckhow",
	key="cook74",
	title="On the Length of Proofs in the Propositional Calculus",
        booktitle="Sixth Annual ACM Symposium on Theory of Computing",
	year="1974",
	pages="135-148")

@inproceedings(cook71,
	author="S. A. Cook",
	key="cook71",
	title="The Complexity of Theorem-Proving Procedures",
        booktitle="Third Annual ACM Symposium on Theory of Computing",
	year="1971")

@article (cox87,
	key="cox87",
	title="On Determining the Causes of Nonunifiability",
	author= "P. T. Cox",
	journal=jlp,
	year="1987",
	pages="33-58",
	volume="4")

@article (cox87a,
	key="cox87a",
	title="A complete, nonredundant algorithm for reversed Skolemization",
        author	="P. T. Cox and T. Pietrzykowski",
	journal=tcs,
	year="1984",
	pages="239-261",
	volume="87")

@incollection	(cox84,
key	=	"cox84",
author	=	"P. T. Cox",
title	=	"Finding Backtrack Points for Intelligent Backtracking",
booktitle=	"Implementations of Prolog",
publisher=	"Ellis Horwood",
year	=	"1984",
pages   =       "215-233",
editor  =       "J. A. Campbell"
)

@article(cox81,
key	=	"cox81",
author	=	"Philip T. Cox and Tomasz Pietrzykowski",
title	=	"Deduction Plans: A Basis for Intelligent Backtracking",
journal	=	"IEEE Transactions on Pattern Analysis and Machine Intelligence",
volume	=	"PAMI-3",
year	=	"1981",
pages   =        "52-65"
)

@inproceedings(cox79,
	key="cox79",
	author="Philip T. Cox",
	title="Representation Economy in a Mechanical Theorem-Prover",
	booktitle="Proceedings of the Fourth Workshop on Automated Deduction",
	year="1979",
	pages="122-128")

@phdthesis(cox77,
key	=	"cox77",
author	=	"Philip T. Cox",
title	=	"Deduction Plans: A Graphical Proof Procedure for the 
First-Order Predicate Calculus",
school	=	"University Of Waterloo",
year	=	"1977"
)

@article (dechampeaux81,
	title="Challenge Problem 1 without search",
	author= "Dennis De Champeaux",
	key="dechampeaux81",
	journal="SIGART Newsletter",
	year="April 1981",
	pages="12-13",
	volume="76")

@article (dechampeaux86,
	title="Subproblem Finder and Instance Checker",
	author= "D. De Champeaux",
	key="dechampeaux86",
	journal=jacm,
	year="1986",
	pages="633-657",
	volume="33")

@article(dechter89,
	key="dechter89",
	author="Rina Dechter",
	title="Enhancement Schemes for Constraint Processing: Backjumping,
Learning, and Cutset Decomposition",
	journal=ai,
	year="1989",
	volume="41",
	pages="273-312")

@article(dechter87,
	key="dechter87",
	author="Rina Dechter and J. Pearl",
	title="Network-based heuristics for constraint-satisfaction problems",
	journal=ai,
	year="1987",
	volume="34",
	pages="1-38")

@inproceedings	(dechter86,
key	=	"dechter86",
author	=	"Rina Dechter",
title	=	"Learning while searching in constraint-satisfaction problems",
booktitle=	"AAAI-86 " # ncai,
publisher=	"Morgan Kaufmann",
year	=	"1986",
pages   =       "178-183"
)

@inproceedings	(dekleer83,
key	=	"dekleer83",
author	=	"Johan DeKleer",
title	=	"Choices without backtracking",
booktitle=	"AAAI-83 " # ncai,
publisher=	"",
year	=	"1983",
pages   =       "79-85"
)

@inproceedings(dilger84,
	author="Werner Dilger and Hans-Albert Schneider",
	key="dilger84",
	title="Assip-T. A Theorem Proving Machine",
	booktitle= "International Conference on Fifth Generation Computer Systems",
	year="1984",
        publisher="Ohmsa, Ltd. and North-Holland",
	pages="497-506")

@article(doyle79,
	key="doyle79",
	author="Jon Doyle",
	title="A Truth Maintenance System",
	journal=ai,
	year="1979",
	volume="12",
	pages="231-272")

@article(dunham76,
	author="Bradford Dunham and Hao Wang",
	key="dunham76",
	title="Towards Feasible Solutions of the Tautology Problem",
	journal="Annals of Mathematical Logic",
	year="1976",
	volume="10",
	pages="117-154")

@techreport (eisinger89,
key	=	"eisinger89",
author	=	"N. Eisinger and H. J. Ohlbach and A. Pr{\"{a}}cklein",
title	=	"Elimination of Redundancies in Clause Sets and 
Clause Graphs",
institution=	"Universit{\"{a}}t Kaiserslautern",
address	=	"Kaiserslautern",
number	=	"SR-89-10",
year	=	"1989"
)

@phdthesis	(gaschnig79,
key	=	"gaschnig79",
author	=	"John Gaschnig",
title	=	"Performance measurement and analysis of certain search algorithms",
school	=	cmu,
year	=	"1979"
)

@inproceedings(gallier88,
	key="gallier88",
	title="Rigid E-Unification and its Applications to Equational Matings",
	author="Jean H. Gallier and Stan Raatz and Wayne Snyder",
	booktitle="CREAS Symposium",
	editors="Nivat and Ait-Kaci",
	year="1988",
	pages="151-216")

@article (guha89,
	title="Andrews' Challenge Problem: Clause Conversion and Solutions",
	author= "A. Guha and H. Zhang",
	key="guha89",
	journal="AAR Newsletter",
	year="December 1989",
	pages="5-8",
	volume="14")

@article (henschen80,
	title="Challenge Problem 1",
	author= "L. Henschen and Lusk and Overbeek and Smith and
Veroff and Winker and Wos",
	key="henschen80",
	journal="SIGART Newsletter",
	year="July 1980",
	pages="257-291",
	volume="72")

@inproceedings(hornig82,
key	=	"hornig82",
author	=	"K. M. H{\"{o}}rnig and W. Bibel",
title	=	"Improvements of a Tautology-Testing Algorithm",
booktitle=	"6th " # cade,
publisher=       "Springer-Verlag",
year  =          "1982",
pages = "326-341"
)

@book(huet76,
	author="Gerard P. Huet",
	key="huet76",
	title="R\'{e}solution d'\'{e}quations dans des Languages
		 d'ordres $1,2,\ldots,\omega$",
	publisher="Th\'{e}se de Doctorat D'\'{e}tat, Universit\'{e} Paris VII",
	year=1976)

@article(huet75,
	author="Gerard P. Huet",
	key="huet75",
	title="A Unification Algorithm for Typed $\lambda$-Calculus",
	journal=tcs,
	year="1975",
	volume="1",
	pages="27-57")

@inproceedings(huet73,
	author="Gerard P. Huet",
	key="Huet73",
	title="A Mechanization of Type Theory",
	booktitle= "Third " # ijcai,
	year="1973",
	pages="139-146")

@article(huet73a,
	author="Gerard P. Huet",
	key="huet73a",
	title="The Undecidability of Unification in Third-order Logic",
	journal="Information and Control",
	volume="22",
	year="1973",
	pages="257-267")

@inproceedings(karp72,
	title="Reducibility Among Combinatorial Problems",
	author= "R. M. Karp",
	key = "karp72",
        booktitle= "Complexity of Computer Computations",
	year = "1972",
        pages  = "85-103",
        editor="R. E. Miller and J. W. Thatcher"
)

@phdthesis (si91,
key	=	"si91",
author	=	"Sunil Issar",
title	=	"Operational Issues in Automated Theorem Proving Using Matings"
school	=	cmu,
year	=	"1991"
)

@inproceedings	(si90,
key	=	"si90",
author	=	"Sunil Issar",
title	=	"Path-Focused Duplication: A Search Procedure for 
General Matings",
booktitle=	"AAAI-90 " # ncai,
publisher=	"AAAI Press / The MIT Press",
year	=	"1990",
pages   =       "221-226"
)

@article (kowalski79,
	title="Algorithm = Logic + Control",
	author= "R. A. Kowalski",
	key = "kowalski79",
	journal = cacm,
	year = "July 1979",
        volume	= "22",
        number	= "7"
)

@article(kowalski75,
	key="kowalski75",
	author="Robert Kowalski",
	title="A Proof Procedure Using Connection Graphs",
	journal=jacm,
	volume="22",
	year="1975",
	pages="572-595")

@inproceedings	(lee90a,
key	=	"lee90",
author	=	"Shie-Jue Lee and David A. Plaisted",
title	=	"New Applications of a Fast Propositional Calculus 
Decision Procedure",
booktitle=	"8th Biennial Conference of Canadian Society for 
Computational Studies of Intelligence",
year	=	"1990",
pages   =       "204-211"
)

@phdthesis(lee90b,
key	=	"lee90b",
author	=	"Shie-Jue Lee",
title	=	"CLIN: An Automated Reasoning System Using Clause Linking",
school	=	"University of North Corolina",
year	=	"1990"
)

@book (loveland78,
	author="Donald W. Loveland",
	key="loveland",
        title="Automated Theorem Proving: A Logical Basis", 
	publisher="North Holland",
	year="1978")

@article(loveland74,
author="S. Fleisig and D. Loveland and A.K.Smiley and D.L.Yarmush",
title="An Implementation of the Model Elimination Proof Procedure",
journal=jacm,
volume="21",
number="1",
month=Jan,
year="1974",
pages="124--139")

@article(loveland69,
author="D. W. Loveland",
title="A Simplified Format for the Model Elimination 
Theorem-Proving Procedure",
journal=jacm,
volume="16",
year="1969",
pages="349--363")

@incollection(loveland69a,
author="D. W. Loveland",
title="Theorem Provers Combining Model Elimination and Resolution",
booktitle="Machine Intelligence",
publisher="American Elsevier",
address="New York",
year="1969",
editor="B. Meltzer and D. Michie",
pages="73--86")

@article(loveland68,
author="D. W. Loveland",
title="Mechanical Theorem Proving by Model Elimination",
journal=jacm,
volume="15",
year="1968",
pages="236--251")

@article(matwin85,
key	=	"matwin85",
author	=	"Stanislaw Matwin and Tomasz Pietrzykowski",
title	=	"Intelligent Backtracking in plan-based deduction",
journal	=	"IEEE Transactions on Pattern Analysis and Machine Intelligence",
volume	=	"PAMI-7",
year	=	"1985",
pages   =        "682-692"
)

@article(mccune88,
key	=	"mccune88",
author	=	"William McCune",
title	=	"Un-skolemizing Clause Sets",
journal	=	"Information Processing Letters",
volume	=	"29",
year	=	"1988",
pages   =        "257-263"
)

@article(miller87,
	key="miller87",
	author="Dale A. Miller",
	title="A Compact Representation of Proofs",
	journal="Studia Logica",
	year="1987",
	volume="46",
	number="4",
	pages="347-370")

@inproceedings(miller84,
	key="miller84",
	author="Dale A. Miller",
	title="Expansion Tree Proofs and Their Conversion to Natural Deduction Proofs",
	editors="R. E. Shostak, Napa, California, USA",
	series=lncs # " 170",
	publisher="Springer-Verlag",
	booktitle="7th International Conference on Automated Deduction",
	year="1984",
	pages="375-393")

@phdthesis(miller83,
key	=	"miller83",
author	=	"Dale A. Miller",
title	=	"Proofs in Higher-Order Logic",
school	=	cmu ,
year	=	"1983",
note	=	"81 pp." 
)

@inproceedings(miller82,
	key="miller82",
	author="Dale A. Miller and Eve Longini Cohen and Peter B. Andrews",
	title="A Look at TPS",
	editors="Donald W. Loveland, New York, USA",
	series="Lecture Notes in Computer Science 138",
	publisher="Springer-Verlag",
	booktitle="6th Conference on Automated Deduction",
	year="1982",
	pages="50-69")

@article(minsky91,
	key="minsky91",
	author="Marvin Minsky",
	title="Logical Versus Analogical or Symbolic Versus
Connectionist or Neat  Versus Scruffy",
	journal="AI Magazine",
	year="1991",
	volume="12",
	number="2",
	pages="34-51")

@techreport (murray90,
key	=	"murray90",
author="Neil V. Murray and Eric Rosenthal",
title	=	"Dissolution: Making Paths Vanish", 
institution=	"State University of New York",
address	=	"Albany",
year	=	"August 1990"
)

@inproceedings(murray89,
	key="murray89",
	author="Neil V. Murray and Eric Rosenthal",
	title="Improving Tableau Proofs",
	booktitle="Fourth International Symposium on Methodologies for 
Intelligent Systems",
	editors="Ras and Zemanako",
	publisher="North Holland",
	year="1989",
	pages="477-484")

@inproceedings(murray88,
	key="murray88",
	author="Neil V. Murray and Eric Rosenthal",
	title="An Implementation of a Dissolution-Based System
	Employing Theory Links",
	booktitle="9th " # cade,
	editors="Ewing Lusk and Ross Overbeek, Argonne, Illinois",
	series=lncs # " 310",
	publisher="Springer-Verlag",
	year="1988",
	pages="658-674")

@inproceedings(murray87,
key	=	"murray87",
author	=	"Neil V. Murray and Erik Rosenthal",
title	=	"Path Dissolution: A Strongly Complete Rule of Inference",
booktitle=	"AAAI-87 " # ncai,
publisher=	"Morgan Kaufmann",
year	=	"1987",
pages   =       "161-166"
)

@article(murray87a,
	key="murray87a",
	author="Neil V. Murray and Eric Rosenthal",
	title="Inference with Path Resolution and Semantic Graphs",
	journal=jacm,
	volume="34",
	year="1987",
	pages="225-254")

@inproceedings(nesmith90,
key	=	"nesmith90",
author	=	"Frank Pfenning and Dan Nesmith",
title	=	"Presenting Intuitive Deductions via Symmetric  
Simplification",
booktitle=	"10th " # cade,
publisher=       "Springer-Verlag",
year  =          "1990",
pages = "336-350"
)

@book (nilsson80,
	author="Nils J. Nilsson",
	key="nilsson80",
	title="Principles of Artificial Intelligence",
	publisher="Tioga Publishing Company",
	year="1980")

@article (oppacher88,
	title="HARP: A Tableau-Based Prover Theorem Prover",
	author= "F. Oppacher and E. Suen",
	key="oppacher88",
	journal=jar,
	year="1988",
	pages="69-100",
	volume="4")

@techreport (overbeek89,
key	=	"overbeek89",
author	=	"Ross Overbeek and Larry Wos",
title	=	"Subsumption, A Sometimes Undervalued Procedure",
institution=	"Argonne National Laboratory",
address	=	"Mathematics and Computer Science Division",
number	=	"MCS-P93-0789",
year	=	"1989"
)

@techreport (palay80,
key	=	"palay80",
author	=	"Andrew J. Palay",
title	=	"An Experimental Analysis of the {B}* Tree 
Searching Algorithm",
institution=	cmu ,
address	=	"Pittsburgh",
number	=	"CMU-CS-80-106",
year	=	"1980"
)

@article	(paterson78,
key	=	"paterson78",
author	=	"M. S. Paterson and M. N. Wegman",
title	=	"Linear Unification",
journal	=	"Journal of Computer and System Sciences",
volume	=	"16",
number	=	"2",
month	=	"April",
year	=	"1978",
pages	=	"158--167"
)

@book (pearl84,
	author="Judea Pearl",
	key="pearl84",
	title="Heuristics: Intelligent Search Strategies for Computer
Problem Solving",
	publisher="Addison-Wesley",
	year="1984")

@article (pelletier86,
	title="Seventy Five Problems for Testing Automatic Theorem Provers",
	author= "Francis Jeffry Pelletier",
	key="pelletier86",
	journal=jar,
	year="1986",
	pages="191-216",
	volume="2")

@inproceedings(pfenning90,
key	=	"pfenning90",
author	=	"Frank Pfenning and Dan Nesmith",
title	=	"Presenting Intuitive Deductions via Symmetric  
Simplification",
booktitle=	"10th " # cade,
publisher=       "Springer-Verlag",
year  =          "1990",
pages = "336-350"
)

@phdthesis	( pfenning87,
key	=	"Pfenning87",
author	=	"Frank Pfenning",
title	=	"Proof Transformations in Higher-Order Logic",
school	=	cmu,
year	=	"1987"
)

@inproceedings(pfenning84,
	key="pfenning84",
	author="Frank Pfenning",
	title="Analytic and Non-analytic Proofs",
	editors="R. E. Shostak, Napa, California, USA",
	series=lncs # " 170",
	publisher="Springer-Verlag",
	booktitle="7th " # cade,
	year="1984",
	pages="394-413")

@article	(nie89,
key	=	"nie89",
author	=	"Xumin Nie and David A. Plaisted",
title	=	"Experimental Results on Subgoal Reordering",
journal	=	"IEEE Transactions on Computers",
volume	=	"To appear",
year	=	"1989"
)

@inproceedings(potter88,
	key="potter88",
	author="Richard C. Potter and David A. Plaisted",
	title="Term Rewriting: Some Experimental Results",
	booktitle= "9th " # cade,
	editors="Ewing Lusk and Ross Overbeek, Argonne, Illinois",
	series=lncs # " 310",
	publisher="Springer-Verlag",
	year="1988",
	pages="435-453")

@inproceedings(prawitz70,
	key="prawitz70",
	author="Dag Prawitz",
	title="A proof procedure with matrix reduction",
	editors="M. Laudet, D. Lacombe, L. Nolin, and M. Schutzenberger",
	series="Lecture Notes in Mathematics 125",
	publisher="Springer-Verlag",
	booktitle="Symposium on Automatic Demonstration, Versailles, France",
	year=" 1970",
	pages="207-214",
	Annote="CMU 510.1 S988s")

@incollection(prawitz69,
	key="Prawitz69",
	author="Dag Prawitz",
	title="Advances and Problems in Mechanical Proof Procedures",
	editors="Meltzer and Michie",
	booktitle="Machine Intelligence 4",
	publisher="Edinburgh University Press",
	year="1969",
	Annote="CMU 501.535 M14",
	pages="59-71")

@article (quaife90,
	title="Andrews' Challenge Problem Revisited",
	author= "Art Quaife",
	key="quaife90",
	journal="AAR Newsletter",
	year="May 1990",
	pages="3-7",
	volume="15")

@article(robinson65,
	key="robinson65",
	author="J. A. Robinson",
	title="A Machine-Oriented Logic Based on the Resolution Principle",
	journal=jacm,
	volume="12",
	year="1965",
	pages="23-41")

@inproceedings	(schneider86,
key	=	"schneider86",
author	=	"Hans-Albert Schneider",
title	=	"An improvement of Deduction Plans: Refutation Plans",
booktitle=	"8th " # cade,
series=         lncs # " 230",
publisher=	"Springer-Verlag",
year	=	"1986",
pages   =       "377-383"
)

@article (stickel88,
	title="A {P}rolog Technology Theorem Prover: implementation
by an extended {P}rolog Compiler",
	author= "Mark E. Stickel",
	key="stickel88",
	journal=jar,
	year="1988",
	pages="353-380",
	volume="4")

@inproceedings	(stickel86,
key	=	"stickel86",
author	=	"Mark E. Stickel",
title	=	"A {PROLOG} Technology Theorem Prover: implementation
by an extended {PROLOG} Compiler",
booktitle=	"8th " # cade,
series=         lncs # " 230",
publisher=	"Springer-Verlag",
year	=	"1986",
pages   =       "573-587"
)

@article (stickel84,
	title="A {P}rolog Technology Theorem Prover",
	author= "Mark E. Stickel",
	key="stickel84",
	journal="New Generation Computing",
	year="1984",
	pages="371-383",
	volume="2",
        number="4")

@inproceedings	(stickel82,
key	=	"stickel82",
author	=	"Mark E. Stickel",
title	=	"A Nonclausal Connection-Graph Resolution 
Theorem-Proving Program",
booktitle=	"AAAI-82 " # ncai,
publisher=	" ",
year	=	"1982",
pages   =       "229-233"
)

@article(stallman77,
	key="stallman77",
	author="R. M. Stallman and G. J. Sussman",
	title="Forward Reasoning and dependency-directed backtracking in a 
system for computer-aided circuit analysis",
	journal=ai,
	year="1977",
	volume="9",
	pages="135-196")

@phdthesis (wallen87,
key	=	"wallen87",
author	=	"Lincoln A. Wallen",
title	=	"Automated Proof Search in Non-Classical Logics:
Efficient Matrix Proof Methods for Modal and Intuitionistic Logics",
school	=	"University of Edinburgh",
year	=	"1987"
)

@book		(wallen90,
author	=	"Lincoln A. Wallen",
key	=	"wallen90",
title	=	"Automated Proof Search in Non-Classical Logics:
Efficient Matrix Proof Methods for Modal and Intuitionistic Logics",
publisher=	"The MIT Press",
year	=	"1990" 
)

@article (wolfram89,
	title="Intractable Unifiablity Problems and Backtracking",
	author= "D. A. Wolfram",
	key="wolfram89",
	journal=jar,
	year="1989",
	pages="37-47",
	volume="5")

@techreport (wolfram87,
key	=	"wolfram87",
author= "D. A. Wolfram",
title	=	"Reducing Thrashing By Adaptive Backtracking",
Institution=	"University of Cambridge",
address	=	"Cambridge, England",
number	=	"112",
year	=	"August 1987"
)

@article(wos65,
	key="wos65",
	author="Lawrence Wos and George A. Robinson and Daniel F. Carson",
	title="Efficiency and Completeness of the Set of Support Strategy
		in Theorem Proving",
	journal=jacm,
	year="1965",
	volume="12",
	pages="536-541")

@inproceedings(yasuura84,
	author="H. Yasuura",
	key="yasuura84",
	title="On Parallel Computational Complexity of Unification",
	booktitle= "International Conference on Fifth Generation Computer Systems",
	year="1984",
        publisher="Ohmsa, Ltd. and North-Holland",
	pages="235-243")

@inproceedings	(zabih88,
key	=	"zabih88",
author	=	"Ramin Zabih and David McAllester",
title	=	"A Rearrangement Search Strategy for Determining 
Propositional Satisfiabilty",
booktitle=	"AAAI-88 " # ncai,
publisher=	"Morgan Kaufmann",
year	=	"1988",
pages   =       "155-160"
)
